%% This BibTeX bibliography file was created using BibDesk.
%% http://bibdesk.sourceforge.net/

@Manual{SGPreports,
    title = {SGPreports: Reports rendered in multiple formats using a single function and R Markdown file.},
    author = {Adam R. {Van Iwaarden} and Damian W. Betebenner},
    year = {2015},
    note = {R package version 1.0},
    url = {http://github.com/CenterForAssessment/SGPreports},
 }

@Manual{sgp2014,
    title = {{SGP}: An R Package for the Calculation and Visualization of Student Growth Percentiles \& Percentile Growth Trajectories.},
    author = {Damian W. Betebenner and Adam {VanIwaarden} and Ben Domingue and Yi Shang},
    year = {2014},
    note = {R package version 1.3-0.0},
    url = {https://github.com/CenterForAssessment/SGP},
  }

@Manual{sgp2015,
    title = {{SGP}: An R Package for the Calculation and Visualization of Student Growth Percentiles \& Percentile Growth Trajectories.},
    author = {Damian W. Betebenner and Adam {VanIwaarden} and Ben Domingue and Yi Shang},
    year = {2015},
    note = {R package version 1.3-6.9},
    url = {https://github.com/CenterForAssessment/SGP},
  }

@manual{Rsoftware,
	Address = {Vienna, Austria},
	Author = {{R Development Core Team}},
	Organization = {R Foundation for Statistical Computing},
	Title = {{\textup{\textsf{R}}}: A language and environment for statistical computing},
	Url = {http://www.R-project.org},
	Year = {2015},
	Bdsk-Url-1 = {http://www.R-project.org}}

@article {ShangVanIBet:2015,
author = {Shang, Yi and VanIwaarden, Adam and Betebenner, Damian W.},
title = {Covariate Measurement Error Correction for Student Growth Percentiles Using the SIMEX Method},
journal = {Educational Measurement: Issues and Practice},
volume = {34},
number = {1},
issn = {1745-3992},
url = {http://dx.doi.org/10.1111/emip.12058},
doi = {10.1111/emip.12058},
pages = {4--14},
keywords = {measurement error, quantile regression, SIMEX, student growth percentiles},
year = {2015},
}

@book{Carroll:2006,
	Address = {Boca Raton, FL},
	Author = {RJ Carroll and Ruppert, D and Stefanski, LA and Crainiceanu, CM},
	Publisher = {Chapman & Hall},
	Title = {Measurement Error in Nonlinear Models; A Modern Perspective},
	Year = {2006}}


@article{dette2008non,
	Author = {Dette, Holger and Volgushev, Stanislav},
	Journal = {Journal of the Royal Statistical Society: Series B (Statistical Methodology)},
	Number = {3},
	Pages = {609--627},
	Publisher = {Wiley Online Library},
	Title = {Non-crossing non-parametric estimates of quantile curves},
	Volume = {70},
	Year = {2008}}

@article{stefanski1995simulation,
	Author = {Stefanski, LA and Cook, JR},
	Journal = {Journal of the American Statistical Association},
	Number = {432},
	Pages = {1247--1256},
	Publisher = {Taylor \&amp; Francis Group},
	Title = {Simulation-extrapolation: the measurement error jackknife},
	Volume = {90},
	Year = {1995}}

@article{battauz2011covariate,
	Author = {Battauz, Michela and Bellio, Ruggero and Gori, Enrico},
	Journal = {Journal of Educational and Behavioral Statistics},
	Number = {3},
	Pages = {283--306},
	Publisher = {SAGE Publications},
	Title = {Covariate measurement error adjustment for multilevel models with application to educational data},
	Volume = {36},
	Year = {2011}}

@article{chernozhukov2010quantile,
	Author = {Chernozhukov, Victor and Fern{\'a}ndez-Val, Iv{\'a}n and Galichon, Alfred},
	Journal = {Econometrica},
	Number = {3},
	Pages = {1093--1125},
	Publisher = {Wiley Online Library},
	Title = {Quantile and probability curves without crossing},
	Volume = {78},
	Year = {2010}}

@techreport{ACT:1996,
	Address = {Iowa City},
	Author = {{American College Testing}},
	Firstkey = {{American College Testing (ACT)}},
	Institution = {American College Testing Program},
	Key = {{ACT}},
	Note = {Technical Report produced by the American College Testing Program},
	Title = {Are Our High School Graduates Prepared in Mathematics and Science?},
	Year = {1996}}

@manual{ACT:1997,
	Address = {Iowa City, Iowa},
	Author = {{ACT, Inc.}},
	Organization = {{ACT, Inc.}},
	Title = {{ACT} {A}ssessment {T}echnical {M}anual},
	Year = 1997}

@unpublished{ACT:1998,
	Author = {{American College Testing}},
	Day = 31,
	Firstkey = {{American College Testing (ACT)}},
	Key = {{ACT}},
	Month = aug,
	Note = {Handout presented during {ACT} seminar on course placement analysis},
	Title = {{ACT} Assessment Cutoff Scores and Validity Statistics for Placement in First-Year Courses in College},
	Type = {Data presented at seminar},
	Year = 1998}

@techreport{ACT:2001,
	Address = {Iowa City},
	Author = {{American College Testing}},
	Firstkey = {{American College Testing (ACT)}},
	Institution = {American College Testing Program},
	Key = {{ACT}},
	Title = {{C}olorado {M}odel {C}ontent {S}tandards Combined with {ACT's} {EPAS} Assessments},
	Year = {2001}}

@techreport{Harris:2007,
	Address = {Princeton, NJ},
	Author = {Douglas N. Harris},
	Institution = {Educational Testing Service},
	Title = {The Policy Uses and `Policy Validity' of Value-Added and Other Teacher Quality Measures},
	Year = 2007}

@techreport{AbedLord:1997,
	Address = {Los Angeles},
	Author = {J. Abedi and C. Lord and J. R. Plummer},
	Institution = {National Center for Research on Evaluation, Standards, and Student Testing},
	Title = {Final Report of Language Background as a Variable in {NAEP} Mathematics Performance},
	Type = {{CSE} Technical Report 429},
	Year = 1997}

@techreport{Abraham:1991,
	Address = {Atlanta, GA},
	Author = {Ansley A. Abraham},
	Institution = {Southern Regional Education Board},
	Note = {ERIC Document Reproduction Service No. ED 333 783},
	Number = {25},
	Title = {They Came to College? {A} Remedial/developmental Profile of First Time Freshmen in {SREB} States},
	Type = {Issues in Higher Education},
	Year = 1991}

@unpublished{Ackerman:1987,
	Author = {Ackerman, T.},
	Month = {April},
	Note = {Paper presented at the annual meeting of the American Educational Research Association, Washington DC},
	Title = {The Robustness of {LOGIST} and {BILOG IRT} Estimation Programs to Violations of Local Independence},
	Year = 1987}

@unpublished{Dunn:2007,
	Author = {Jennifer Dunn},
	Month = {September},
	Note = {Paper presented at the Systems and Reporting SCASS, September 25, 2007, Nashua, NH},
	Title = {When does a `Growth Model' act the same as a "Status Model": Lessons learned from some empirical growth model comparisons},
	Year = 2007}

@book{Agresti:2002,
	Address = {Hoboken, New Jersey},
	Author = {Alan Agresti},
	Publisher = {Wiley},
	Title = {Categorical Data Analysis},
	Year = 2002}

@book{Andersson:1994,
	Address = {Uppsala, Sweden},
	Author = {Claes Andersson},
	Publisher = {Uppsala},
	Title = {On the Use of Two-Phase Sampling in Estimation of Parameters in Domains where Data Contain Misclassification and Measurement Errors},
	Volume = {Studia Statistica Upsaliensia 3},
	Year = 1994}

@article{ArmsClay:1993,
	Author = {John Armstrong and Clayton Block and Srinath, K. P.},
	Journal = {Journal of Business and Economic Statistics},
	Number = 4,
	Pages = {407--416},
	Title = {Two-Phase Sampling of Tax Records for Business Surveys},
	Volume = 11,
	Year = 1993}

@article{ArceFris:2002,
	Author = {Alvaro Arce-Ferrer and David A. Frisbie and Michael J. Kolen},
	Journal = {Educational Assessment},
	Number = 1,
	Pages = {59--75},
	Title = {Standard Errors of Proportions Used in Reporting Changes in School Performance With Achievement Levels},
	Volume = 8,
	Year = 2002}

@article{Cole:1988,
	Author = {T. J. Cole},
	Journal = {Journal of the Royal Statistical Society, Series A---General},
	Number = 3,
	Pages = {385--418},
	Title = {Fitting Smoothed Centile Curves to Reference Data},
	Volume = 151,
	Year = 1988}

@article{ColeGree:1992,
	Author = {T. J. Cole and P. J. Green},
	Journal = {Statistics in Medicine},
	Pages = {1305--1319},
	Title = {Smoothing Reference Centile Curves: The {LMS} Method and Penalized Likelihood},
	Volume = 11,
	Year = 1992}

@article{Cole:1994,
	Author = {T. J. Cole},
	Journal = {Statistics in Medicine},
	Pages = {2477--2492},
	Title = {Growth Charts for Both Cross-Sectional and Longitudinal Data},
	Volume = {13},
	Year = 1994}

@article{Coleman:1968,
	Author = {James S. Coleman},
	Journal = {Harvard Educational Review},
	Number = 1,
	Pages = {7--22},
	Title = {The Concept of Equality of Educational Opportunity},
	Volume = 38,
	Year = 1968}

@book{Coleman:1964,
	Address = {Englewood Cliffs, NJ},
	Author = {James S. Coleman},
	Publisher = {Prentice-Hall},
	Title = {Models of Change and Response Uncertainty},
	Year = 1964}

@book{Cizek:2001,
	Address = {Mahwah, NJ},
	Author = {Gregory J. Cizek},
	Publisher = {Lawrence Erlbaum Associates},
	Title = {Setting Performance Standards: Concepts, Methods, and Perspectives},
	Year = 2001}

@book{Quetelet:1871,
	Address = {Brussels},
	Author = {Lambert Adolphe Jacques Qu\'{e}telet},
	Publisher = {C.~Muquardt},
	Title = {Anthropom\'{e}trie},
	Year = 1871}

@techreport{ArsePlan:2000,
	Address = {East Lansing},
	Author = {D. Arsen and D. Plank and G. Sykes},
	Institution = {Michigan State University},
	Title = {School Choice Policies in {Michigan}: The Rules Matter},
	Year = 2000}

@techreport{Braun:2005,
	Address = {Princeton, New Jersey},
	Author = {Henry I. Braun},
	Institution = {Educational Testing Service},
	Title = {Using Student Progress to Evaluate Teachers: A Primer on Value-Added Models},
	Year = 2005}

@techreport{Coladarci:2003,
	Address = {Washington D.C.},
	Author = {Theodore Coladarci},
	Institution = {The Rural School and Community Trust},
	Month = {Oct},
	Title = {Gallup Goes to School: The Importance of Confidence Intervals for Evaluating `Adequate Yearly Progress' in Small Schools},
	Type = {Policy Brief},
	Year = 2003}

@book{Astin:1971,
	Address = {New York},
	Author = {Alexander W. Astin},
	Publisher = {Free Press},
	Title = {Predicting Academic Performance in College},
	Year = 1971}

@techreport{AuguHaku:1997,
	Address = {Washington, D.C.},
	Author = {D. August and K. Hakuta},
	Institution = {National Academy of Education},
	Title = {Improving Schooling for Language-Minority Children: A Research Agenda},
	Year = 1997}

@misc{BLS:2000,
	Address = {Washington, D.C.},
	Author = {{Bureau of Labor Statistics}},
	Publisher = {Bureau of Labor Statistics},
	Title = {Labor Force Statistics from the Current Population Survey},
	Type = {Downloadable HTML file},
	Year = 2000}

@periodical{Spellings:2005,
	Author = {Margaret Spellings},
	Date-Modified = {2013-08-23 17:14:50 +0000},
	Month = {Nov},
	Note = {Retrieved August 7, 2006 from http://www.ed.gov/news/pressreleases/2005/11/1182005.html},
	Publisher = {U.S. Department of Education},
	Title = {Secretary Spellings Announces Growth Model Pilot},
	Type = {Press Release},
	Year = 2005}

@article{BallSand:2004,
	Author = {Dale Ballou and William Sanders and Paul Wright},
	Journal = {Journal of Educational and Behavioral Statistics},
	Number = 1,
	Pages = {37--65},
	Title = {Controlling for Student Background in Value-Added Assessment for Teachers},
	Volume = 29,
	Year = 2004}

@article{BarbGold:2000,
	Author = {Maria Ferrao Barbosa and Harvey Goldstein},
	Journal = {Quality \& Quantity},
	Pages = {323--330},
	Title = {Discrete Response Multilevel Models for Repeated Measures: An Application to Voting Intentions Data},
	Volume = 34,
	Year = 2000}

@article{Bartlett:1937,
	Author = {M. S. Bartlett},
	Journal = {Proceedings of the Royal Statiscal Society, Series A},
	Pages = {268-282},
	Title = {Properties of Sufficiency and Statistical Tests},
	Volume = 160,
	Year = 1937}

@article{Bartlett:1937a,
	Author = {Bartlett, M. S.},
	Journal = {Proceedings of the Royal Statistical Society, Series A},
	Pages = {268-282},
	Title = {Properties of Sufficiency and Statistical Tests},
	Volume = 160,
	Year = 1937}

@article{Bazeley:1999,
	Author = {Bazeley, P.},
	Journal = {Qualitative Health Research},
	Number = 2,
	Pages = {279--287},
	Title = {The Bricoleur with a Computer, Piecing Together Qualitative and Quantitative Data},
	Volume = 9,
	Year = 1999}

@manual{BeamerSoftware,
	Author = {Till Tantau},
	Organization = {Sourceforge.net},
	Title = {User's Guide to the Beamer Class},
	Url = {http://latex-beamer.sourceforge.net},
	Year = 2004,
	Bdsk-Url-1 = {http://latex-beamer.sourceforge.net}}

@book{BeckCham:1988,
	Address = {New York},
	Author = {R. A. Becker and John M. Chambers and A. R. Wilks},
	Publisher = {Chapman and Hall},
	Title = {The New {S} Language},
	Year = 1988}

@book{Chambers:2000,
	Address = {New York},
	Author = {John M. Chambers},
	Publisher = {Springer},
	Title = {Programming with Data},
	Year = 2000}

@book{Becker:1964,
	Address = {New York},
	Author = {Gary Stanley Becker},
	Publisher = {Columbia University Press},
	Title = {Human Capital},
	Year = 1964}

@book{BivaPebe:2008,
	Address = {New York},
	Author = {Roger S. Bivand and Edzer J. Pebesma and Virgilio G\`{o}mez-Rubio},
	Publisher = {Springer},
	Title = {Applied Spatial Data Analysis with {R}},
	Year = 2008}

@book{Wickham:2009,
	Address = {New York},
	Author = {Hadley Wickham},
	Publisher = {Springer},
	Title = {{ggplot2}: Elegant Graphics for Data Analysis},
	Year = 2009}

@book{Murrell:2006,
	Address = {New York},
	Author = {Paul Murrell},
	Publisher = {Springer},
	Title = {R Graphics},
	Year = 2006}

@book{Sarkar:2008,
	Address = {New York},
	Author = {Deepayan Sarkar},
	Publisher = {Springer},
	Title = {Lattice: Multivariate Data Visualization with {R}},
	Year = 2008}

@book{Becker:1993,
	Address = {Chicago},
	Author = {Gary Stanley Becker},
	Edition = {3rd},
	Publisher = {The University of Chicago Press},
	Title = {Human Capital: A Theoretical and Empirical Analysis, with Special Reference to Education},
	Year = 1993}

@unpublished{Becker:1994,
	Author = {Gary Stanley Becker},
	Day = 16,
	Howpublished = {Transcript of lecture presented by Professor Becker at the World Bank.},
	Month = dec,
	Note = {Retrieved July 3, 2000 from the World Wide Web: \url{http://www.worldbank.org/html/extdr/hnp/hddflash/workp/wp\underline~00052.html}},
	Title = {Human Capital and Poverty Alleviation},
	Type = {Transcript posted on the World Wide Web},
	Year = 1994}

@article{Rudner:2001,
	Author = {Lawrence M. Rudner},
	Journal = {Practical Assessment, Research \& Evaluation},
	Note = {Retrieved July 15, 2006 from \url{http://PAREonline.net/getvn.asp?v=7&n=14}},
	Number = 4,
	Title = {Computing the Expected Proportions of Misclassified Examinees},
	Volume = 7,
	Year = 2001}

@article{Rudner:2005,
	Author = {Lawrence M. Rudner},
	Journal = {Practical Assessment, Research \& Evaluation},
	Note = {Retrieved July 15, 2006 from \url{http://PAREonline.net/getvn.asp?v=10&n=13}},
	Number = 13,
	Title = {Expected Classification Accuracy},
	Volume = 10,
	Year = 2005}

@magazine{Becker:1998,
	Author = {Gary S. Becker},
	Journal = {Religion and Liberty},
	Month = jan,
	Pages = {2--4},
	Title = {Human Capital and Poverty},
	Year = 1998}

@unpublished{BeteDora2:2004,
	Author = {Damian W. Betebenner and Harold C. Doran},
	Howpublished = {Internal Technical Report},
	Month = {October},
	Note = {Report produced for the Colorado Department of Education in support of HB 04-1433},
	Organization = {Colorado Department of Education},
	Title = {Analyses in Support of {House Bill 04-1433}},
	Year = 2004}

@unpublished{BeteDora:2004,
	Author = {Damian W. Betebenner and Harold C. Doran},
	Howpublished = {Internal Technical Report},
	Month = {July},
	Note = {Report produced for the Colorado Department of Education in support of HB 04-1433},
	Organization = {Colorado Department of Education},
	Title = {A Proposal for Modeling Student Growth as Outlined by {HB 04-1433}},
	Year = 2004}

@techreport{Betebenner:2004a,
	Address = {Los Angeles},
	Author = {Damian W. Betebenner},
	Institution = {National Center for Research on Evaluation Standards, and Student Testing},
	Number = 622,
	Title = {An Analysis of School District Data Using Value-added Methodology},
	Type = {CSE Technical Report},
	Year = 2004}

@unpublished{Betebenner:2005a,
	Author = {Damian William Betebenner},
	Note = {In preparation},
	Title = {On the Relationship Between Student and Institutional Growth in Education},
	Year = 2005}

@unpublished{Martineau:2006,
	Author = {Joseph A. Martineau},
	Note = {To appear in Applied Psychological Measurement},
	Title = {An Expansion and Practical Evaluation of Expected Classification Accuracy},
	Year = 2006}

@unpublished{BeteShan:2007,
	Author = {Damian W. Betebenner and Yi Shang and Yun Xiang and Yan Zhao and Xiaohui Yue},
	Note = {To appear in Journal of Educational Measurement},
	Title = {The Impact of Performance Level Misclassification on the Accuracy and Precision of Percent at Performance Level Measures},
	Year = 2007}

@unpublished{Betebenner:2005b,
	Author = {Damian William Betebenner},
	Note = {Submitted for Publication January 2005},
	Title = {Performance Standards in Measures of Educational Effectiveness},
	Year = 2005}

@unpublished{Betebenner:2005c,
	Author = {Damian W. Betebenner},
	Month = {September},
	Note = {Paper Presented at the 2005 CCSSO Conference on Large-Scale Assessment, San Antonio, Texas},
	Title = {The Importance of Performance Standards in Measures of Student Growth},
	Year = 2005}

@unpublished{Hebbler:2004,
	Author = {Steve Hebbler},
	Month = {June},
	Note = {Paper Presented at the 2004 CCSSO Conference on Large-Scale Assessment, Boston, MA. Retrieved August 14, 2006 from \url{http://www.ccsso.org/content/pdfs/LargeScale2004Hebbler.pdf#search=%22bias%20in%20percent%20proficient%22}},
	Title = {Some Threats to Validity in Adequate Yearly Progress {(AYP)} Models under {NCLB}},
	Year = 2004}

@unpublished{Betebenner:2005d,
	Author = {Damian W. Betebenner},
	Howpublished = {Internal Technical Report},
	Month = {October},
	Note = {Report produced for the Colorado Department of Education in supp ort of HB 04-1433},
	Organization = {Colorado Department of Education},
	Title = {Supplementary Analyses: {CDE} Growth Project},
	Year = 2005}

@unpublished{Betebenner:2005e,
	Author = {Damian W. Betebenner},
	Howpublished = {Internal Technical Report},
	Month = {November},
	Note = {Report produced for the Colorado Department of Education in supp ort of HB 04-1433},
	Organization = {Colorado Department of Education},
	Title = {Supplementary Analyses: {CDE} Growth Project},
	Year = 2005}

@unpublished{Betebenner:2006a,
	Author = {Damian W. Betebenner},
	Month = {April},
	Note = {Paper presented at the 2006 NCME Annual Conference, San Franciso, CA},
	Title = {Growth as a Description of Process},
	Year = 2006}

@unpublished{Betebenner:2008a,
	Author = {Damian W. Betebenner},
	Month = {April},
	Note = {Paper presented at the 2008 NCME Annual Conference, New York, NY. Available online at \url{http://www.nciea.org/publications/normative_criterion_growth_DB08.pdf}},
	Title = {Norm- and Criterion-Referenced Student Growth},
	Year = 2008}

@unpublished{BrigBete:2009,
	Author = {Derek Briggs and Damian W. Betebenner},
	Month = {April},
	Note = {Paper presented at the 2009 NCME Annual Conference, San Diego, CA.},
	Title = {The Invariance of Measurement of Growth and Effectiveness to Scale Transformation},
	Year = 2009}

@unpublished{BrigWeek:2008,
	Author = {Derek C. Briggs and Jonathan Weeks},
	Month = {March},
	Note = {Paper presented at the 2008 AERA Annual Meeting, New York, NY, March 27, 2008},
	Title = {The Persistence of Value-added School Effects},
	Year = 2008}

@unpublished{BeteShan:2007b,
	Author = {Damian W. Betebenner and Yi Shang},
	Month = {April},
	Note = {Paper presented at the 2007 AERA Annual Conference, Chicago, IL. Retrieved May 12th, 2007 from \url{http://monticello.bc.edu/Betebenner}},
	Title = {Reference Growth Charts for Educational Outcomes},
	Year = 2007}

@unpublished{Hill:2002,
	Author = {Richard K. Hill},
	Month = {April},
	Note = {Paper presented at the 2002 meeting of the American Educational Research Association, New Orleans (Retrived August 10th, 2006 from \url{http://www.nciea.org/publications/NCME_RHCD03.pdf}},
	Title = {Examining the reliability of accountability systems},
	Year = 2002}

@techreport{HillDePa:2002,
	Address = {Washington, D.C.},
	Author = {Richard K. Hill and Charles DePascale},
	Institution = {Council of Chief State School Officers (CCSSO)},
	Month = {December},
	Note = {Retrived July 10th, 2006 from \url{http://www.ccsso.org/content/pdfs/DeterminingReliability.pdf}},
	Title = {Determining the Reliability of School Scores},
	Year = 2002}

@techreport{CCSSO:2008,
	Address = {Washington, D.C.},
	Author = {William Auty and ASR Working Group},
	Institution = {Council of Chief State School Officers (CCSSO)},
	Note = {Retrieved December 10th, 2008 from \url{http://www.ccsso.org/content/pdfs/IGG%20Final%20AP.pdf}},
	Title = {Implementer's Guide to Growth Models},
	Year = 2008}

@article{BickHamm:1975,
	Author = {P. J. Bickel and E. A. Hammel and J. W. O'Connell},
	Journal = {Science},
	Pages = {398--404},
	Title = {Sex Bias in Graduate Admission: Data from {Berkeley}},
	Volume = 187,
	Year = 1975}

@article{Betebenner:2009,
	Author = {Damian W Betebenner},
	Journal = {Educational Measurement: Issues and Practice},
	Number = 4,
	Pages = {42--51},
	Title = {Norm- and Criterion-Referenced Student Growth},
	Volume = 28,
	Year = 2009}

@techreport{Bock:1985,
	Address = {Chicago},
	Author = {R. D. Bock and R. Gibbons and E. Muraki},
	Institution = {National Opinion Research Center},
	Number = {85-1},
	Title = {Full-Information Item Factor Analysis},
	Type = {MRC Report},
	Year = 1985}

@article{Bolton:1971,
	Author = {Bolton, B.},
	Journal = {Multivariate Behavioral Research},
	Pages = {485--501},
	Title = {A Factor Analytical Study of Communication Skills and Non-verbal of Deaf Rehabilitation Clients},
	Volume = 6,
	Year = 1971}

@article{BormHewe:2002,
	Author = {Geoffrey D. Borman and Gina M. Hewes},
	Journal = {Educational Evaluation and Policy Analysis},
	Number = 4,
	Pages = {243--266},
	Title = {The long-term effects and cost-effects and cost-effectiveness of {Success for All}},
	Volume = 24,
	Year = 2002}

@article{BrauWang:2006,
	Author = {Henry I. Braun and A. Wang and F. Jenkins and E. Weinbaum},
	Journal = {Education Policy Analysis Archives},
	Note = {(Retrieved August 19, 2006 from \url{http://epaa.asu.edu/epaa/v14n8/})},
	Number = 8,
	Title = {The Black-White Achievement Gap: Do State Policies Matter?},
	Volume = 14,
	Year = 2006}

@techreport{BondBras:1996,
	Address = {Oak Brook, IL},
	Author = {L. A. Bond and D. Braskamp and E. D. Roeber},
	Institution = {North Central Regional Educational Laboratory and Council of Chief State School Officers},
	Title = {The Status of States Student Assessment Programs in the {United States}},
	Year = 1996}

@book{BowlGint:1976,
	Address = {London},
	Author = {Samuel Bowles and Herbert Gintis},
	Publisher = {Routledge and Kegan Paul},
	Title = {Schooling in Capitalist America},
	Year = 1976}

@book{BoxTiao:1973,
	Address = {Reading, MA},
	Author = {George E. P. Box and George C. Tiao},
	Publisher = {Addison Wesley},
	Title = {Bayesian Inference in Statistical Analysis},
	Year = 1973}

@book{BoxDrap:1987,
	Address = {New York},
	Author = {George E. P. Box and Norman R. Draper},
	Publisher = {Wiley},
	Title = {Empirical Model-Building and Response Surface},
	Year = 1987}

@magazine{Bracey:1998,
	Author = {Gerald W. Bracey},
	Journal = {Phi Delta Kappan},
	Month = oct,
	Note = {(Retrieved February 14, 2000 from the World Wide Web: \url{http://www.pdkintl.org/kappan/kbra9810.htm})},
	Title = {The Eighth Bracey Report on the Condition of Public Education},
	Year = 1998}

@techreport{Brann:1994,
	Address = {Miami, FL},
	Author = {Herman I. Brann},
	Institution = {Miami-Dade Community College, Florida Office of Institutional Research},
	Note = {ERIC Document Reproduction Service No. 379 045},
	Number = {94-09C},
	Title = {Readiness of Dade County High School Graduates for College},
	Type = {Information Capsule},
	Year = 1994}

@incollection{Brannen:1992,
	Address = {Brookfield, VT},
	Author = {Brannen, J.},
	Booktitle = {Mixing Methods: Qualitative and Quantitative Research},
	Editor = {Brannen, J.},
	Pages = {3--37},
	Publisher = {Ashgate},
	Title = {Combining Qualitative and Quantitative Approaches: An Overview},
	Year = 1992}

@incollection{KaneStai:2002,
	Address = {Washington, D.C.},
	Author = {Thomas J. Kane and Douglas O. Staiger},
	Booktitle = {Brookings Papers on Education Policy},
	Editor = {Diane Ravitch},
	Pages = {235--283},
	Publisher = {Brookings Institution},
	Title = {Volatility in School Test Scores: Implications for Test Based Accountability Systems},
	Year = 2002}

@incollection{Box:1979,
	Address = {New York},
	Author = {George E. P. Box},
	Booktitle = {Robustness in Statistics},
	Editor = {R. L. Launer and G. N. Wilkinson},
	Publisher = {Academic Press},
	Title = {Robustness in the strategy of scientific model building},
	Year = 1979}

@incollection{BrauRago:1988,
	Address = {Boston, MA},
	Author = {H. I. Braun and M. Ragosta and B. Kaplan},
	Booktitle = {Predictive Validity},
	Editor = {W. W. Willingham and M. Ragosta and R. E. Bennett and H. I. Braun and D. A. Rock and D. E. Powers},
	Pages = {109--132},
	Publisher = {Allyn and Bacon},
	Title = {Testing Handicapped People},
	Year = 1988}

@book{Bremaud:1999,
	Address = {New York},
	Author = {Pierre Br\'{e}maud},
	Publisher = {Springer},
	Title = {Markov Chains: Gibbs Fields, {Monte Carlo} simulation, and Queues},
	Year = 1999}

@book{Harrell:2001,
	Address = {New York},
	Author = {F. E. Harrell},
	Publisher = {Springer},
	Title = {Regression Modeling Strategies},
	Year = 2001}

@book{Breiman:1969,
	Address = {Boston, MA},
	Author = {Leo Breiman},
	Publisher = {Houghton Mifflin},
	Title = {Probability and Stochastic Processes: With a View Toward Applications},
	Year = 1969}

@techreport{BrenHaar:1998,
	Address = {Washington, D.C.},
	Author = {David W. Breneman and William N. Haarlow},
	Institution = {Thomas B. Fordham Foundation},
	Month = {July},
	Note = {(Retrieved June 20, 2000 from the World Wide Web: \url{http://www.chanel1.com/users/hudson/library/remed.html})},
	Title = {Remediation in Higher Education},
	Type = {Fordham Report},
	Year = 1998}

@book{Brennan:1992,
	Address = {Iowa City},
	Author = {Robert L. Brennan},
	Edition = {Revised},
	Publisher = {ACT Publications},
	Title = {Elements of Generalizability Theory},
	Year = 1992}

@book{Brennan:2001,
	Address = {New York},
	Author = {Robert L. Brennan},
	Publisher = {Springer},
	Title = {Generalizability Theory},
	Year = 2001}

@techreport{BridWend:1989,
	Address = {New York},
	Author = {Brent Bridgeman and Cathy Wendler},
	Institution = {College Board},
	Number = {89-9},
	Title = {Prediction of Grades in College Mathematics Courses as a Component of the Placement Validity of SAT-Mathematics Scores},
	Type = {College Board Report},
	Year = 1989}

@book{BrykRaud:1992,
	Address = {Newbury Park},
	Author = {Anthony S. Bryk and Stephen W. Raudenbush},
	Publisher = {Sage Publications},
	Title = {Hierarchical Linear Models},
	Year = 1992}

@book{BurdGray:1992,
	Address = {New York},
	Author = {Richard K. Burdick and Franklin A. Graybill},
	Publisher = {Marcel Dekker, Inc.},
	Title = {Confidence Intervals on Variance Components},
	Year = 1992}

@techreport{Burt:1919,
	Author = {Cyril L. Burt},
	Institution = {The London County Council},
	Title = {The Distribution and Relations of Educational Abilities},
	Year = 1919}

@techreport{ButlStev:1997,
	Address = {Los Angeles},
	Author = {F. A. Butler and R. Stevens},
	Institution = {Nation Center for research on Evaluation, Standards, and Student Testing},
	Number = 448,
	Title = {Accommodation Strategies for English Language Learners on Large-Scale Assessments: Student Characteristics and Other Characteristics},
	Type = {CSE Technical Report},
	Year = 1997}

@techreport{CCSSO:1996,
	Address = {Oak Brook, IL},
	Author = {{Council of Chief State School Officers and North Central Regional Educational Laboratory}},
	Firstkey = {Council of Chief State School Officers and North Central Regional Educational Lab [CCSSO \& NCREL]},
	Institution = {North Central Central Regional Educational Laboratory},
	Key = {CCSSO \& NCREL},
	Title = {1996 State Student Assessment Programs Database},
	Year = 1996}

@intechreport{CDECucc:1997,
	Address = {Washington, D.C.},
	Author = {Cuccaro-Alamin, Stephanie},
	Booktitle = {Condition of Education 1997},
	Editor = {{National Center for Education Statistics}},
	Institution = {U.S Government Print Office},
	Number = {97-388},
	Pages = {34--42},
	Title = {Postsecondary Persistence and Attainment},
	Type = {NCES},
	Year = 1997}

@manual{CTBS:1974,
	Address = {Monterey, California},
	Key = {CTBS1974},
	Organization = {CTB/McGraw-Hill},
	Title = {Comprehensive Tests of Basic Skills, Form {S}, All Levels: Technical Bulletin No. 1},
	Year = 1974}

@manual{CTBS:1984,
	Address = {Monterey, California},
	Key = {CTBS1982},
	Organization = {CTB/McGraw-Hill},
	Title = {Comprehensive Tests of Basic Skills, Forms {U} and {V}: Technical Report},
	Year = 1984}

@unpublished{Carlson:2001,
	Author = {Dale Carlson},
	Note = {Retrieved Sept 18th, 2005 from \url{http://www.nciea.org}},
	Title = {Focusing State Educational Accountability Systems: Four Methods for Judging School Quality and Progress},
	Year = 2001}

@article{Carnoy:2000,
	Author = {M. Carnoy},
	Journal = {Educational Researcher},
	Number = 7,
	Pages = {15--20},
	Title = {School Choice? {Or} is it Privatization?},
	Volume = 29,
	Year = 2000}

@article{LinnBake:2002,
	Author = {Robert L. Linn and Eva L. Baker and Damian W. Betebenner},
	Journal = {Educational Researcher},
	Number = 6,
	Pages = {3--16},
	Title = {Accountability Systems: Implications of Requirements of the {No Child Left Behind Act of 2001}},
	Volume = 31,
	Year = 2002}

@article{ChibGree:1995,
	Author = {Chib, S and Greenberg, E.},
	Journal = {The American Statistician},
	Pages = {327--335},
	Title = {Understanding the Metropolis-Hastings Algorithm},
	Volume = 49,
	Year = 1995}

@book{CarrRupp:1995,
	Address = {London},
	Author = {Raymond J. Carroll and David Ruppert and Leonard A. Stefanski},
	Publisher = {Chapman \& Hall},
	Title = {Measurement Error in Nonlinear Models},
	Year = 1995}

@book{ChubMoe:1990,
	Address = {Washington, D.C.},
	Author = {J. E. Chubb and T. M. Moe},
	Publisher = {The Brookings Institution},
	Title = {Politics, Markets, and {America's} Schools},
	Year = 1990}

@book{Clapp:1930,
	Address = {Boston},
	Author = {Frank L. Clapp},
	Publisher = {Houghton Mifflin Company},
	Title = {Objective Tests},
	Volume = {9},
	Year = 1930}

@book{Cleveland:1993,
	Address = {Summit, New Jersey},
	Author = {William S. Cleveland},
	Publisher = {Hobart Press},
	Title = {Visualizing Data},
	Year = 1993}

@article{CobbGlas:1999,
	Author = {C. Cobb and Gene Glass},
	Journal = {Education Policy Analysis Archives},
	Note = {Retrived September 10, 2004 from \url{http://epss.asu.edu/epaa/v7n1}},
	Number = 1,
	Title = {Ethnic Segregation in {Arizona} Charter Schools},
	Volume = 7,
	Year = 1999}

@book{CoheCohe:1975,
	Address = {Hillsdale, New Jersey},
	Author = {Jacob Cohen and Patricia Cohen},
	Publisher = {Lawrence Erlbaum Associates, Inc.},
	Title = {Applied Multiple Regression/Correlation Analysis for Behavioral Sciences},
	Year = 1975}

@techreport{ColeCamp:1966,
	Address = {Washington, D.C.},
	Author = {James S. Coleman and Ernest Q. Campbell and Carol J. Hobson and James McPartland and Alexander M. Mood and Frederic D. Weinfeld and Robert L. York},
	Institution = {U.S. Government Printing Office},
	Title = {Equality of Educational Opportunity},
	Year = 1966}

@techreport{Conley:1997,
	Address = {Eugene, OR},
	Author = {David T. Conley},
	Institution = {Oregon Department of Education},
	Note = {ERIC Document Reproduction Service No. ED 408 316},
	Title = {Oregon's Proficiency-based Admission Standards System ({PASS}) Project},
	Type = {Copy of paper presented at the Annual Meeting of the American Educational Research Association Chicago, IL, March 24-28, 1997},
	Year = 1997}

@book{CoonSuga:1978,
	Address = {Berkeley, CA},
	Author = {J. Coons and S. Sugarman},
	Publisher = {University of California Press},
	Title = {Education by Choice: The Case for Family Control},
	Year = 1978}

@techreport{CowlCarl:1994,
	Author = {M. K. Cowles and B. P. Carlin},
	Institution = {Division of Biostatistics, School of Public Health, University of Minnesota},
	Number = {94-008},
	Title = {Markov Chain Monte Carlo Convergence Diagnostics: A Comparative Review},
	Year = {1994}}

@techreport{CresstGen:1995,
	Address = {Los Angeles},
	Author = {Lee J. Cronbach and Robert L. Linn and Robert L. Brennan and Edward Haertel},
	Institution = {The National Center for Research on Evaluation, Standards, and Student Testing},
	Title = {Generalizability Analysis for Educational Assessments},
	Type = {Evaluation Comment, Summer 1995},
	Year = 1995}

@article{CookStef:1994,
	Author = {J. R. Cook and L. A. Stefanski},
	Journal = {Journal of the American Statistical Association},
	Pages = {1314--1328},
	Title = {Simulation-extrapolation estimation in parametric measurement error models},
	Volume = 89,
	Year = 1994}

@article{CronLinn:1997,
	Author = {Lee J. Cronbach and Robert L. Linn and Robert L. Brennan and Edward Haertel},
	Journal = {Educational and Psychological Measurement},
	Pages = {373--399},
	Title = {Generalizability Analysis for Performance Assessments of Student Achievement or School Effectiveness},
	Volume = 57,
	Year = 1997}

@misc{CricBren:1983,
	Address = {Iowa City},
	Author = {Joe E. Crick and Robert L. Brennan},
	Publisher = {The American College Testing Program},
	Title = {{GENOVA}: A Generalized Analysis of Variance System},
	Type = {Computer program, version 2.1},
	Year = {1983}}

@book{CronGlesNand:1972,
	Address = {New York},
	Author = {Lee J. Cronbach and G. C. Gleser and H. Nanda and N. Rajaratnam},
	Publisher = {Wiley},
	Title = {The Dependability of Behavioral Measurements: Theory of Generalizability for Scores and Profiles},
	Year = 1972}

@article{Cronbach:1951,
	Author = {Lee J. Cronbach},
	Journal = {Psychometrika},
	Pages = {297-334},
	Title = {Coefficient Alpha and the Internal Structure of Tests},
	Volume = 16,
	Year = 1951}

@article{Cummins:1979,
	Author = {J. Cummins},
	Journal = {Working Papers on Bilingualism},
	Pages = {197--205},
	Title = {Cognitive/academic language proficiency, linguistic interdependence, the optimum age question and some other matters},
	Volume = 19,
	Year = 1979}

@techreport{DOCOTP:1997,
	Address = {Washington, D.C.},
	Author = {{U.S. Department of Commerce}},
	Firstkey = {{U.S. Department of Commerce [USDOC]}},
	Institution = {Office of Technology Policy},
	Key = {{USDOC}},
	Note = {Retrieved January 16, 1998 from the World Wide Web: \url{http://www.ta.doc.gov/OTPolicy/report.htm})},
	Title = {America's New Deficit: The Shortage of Information Technology Workers},
	Year = 1997}

@techreport{DOCOTP:1998,
	Address = {Washington, D.C.},
	Author = {{U.S. Department of Commerce}},
	Firstkey = {{U.S. Department of Commerce [USDOC]}},
	Institution = {Office of Technology Policy},
	Key = {{USDOC}},
	Note = {Retrieved January 16, 1998 from the World Wide Web: http://www.ta.doc.gov/PRel/andii.pdf},
	Title = {Update -- {A}merica's New Deficit},
	Year = 1998}

@techreport{DOE:1997,
	Address = {Washington, D.C.},
	Author = {{U.S. Department of Education}},
	Firstkey = {{U.S. Department of Education [USDOE]}},
	Institution = {{U.S. Department of Education}},
	Key = {{USDOE}},
	Note = {Retrieved February 1, 1998 from the World Wide Web: \url{http://www.ed.gov.pubs.math/mathemat.pdf}},
	Title = {Mathematics Equals Opportunity},
	Type = {White Paper prepared for U.S. Secretary of Education Richard W. Riley},
	Year = 1997}

@article{Darling:1994,
	Author = {Darling-Hammond, Linda},
	Journal = {Harvard Educational Review},
	Month = {Spring},
	Pages = {5--30},
	Title = {Performance-Based Assessment and Educational Equity},
	Volume = 64,
	Year = 1994}

@inbook{Davis:1950,
	Address = {Chicago},
	Author = {Allison Davis},
	Booktitle = {Intelligence and Cultural Differences},
	Chapter = {4},
	Pages = {22-28},
	Publisher = {The University of Chicago Press},
	Title = {What are Some of the Basic Issues in the Relation of Intelligence Tests to Cultural Background},
	Year = 1950}

@book{DeGroot:1975,
	Address = {Reading, MA},
	Author = {Morris H. DeGroot},
	Publisher = {Addison-Wesley},
	Title = {Probability and Statistics},
	Year = 1975}

@book{DeanVoss:1999,
	Address = {New York},
	Author = {Angela Dean and Daniel Voss},
	Publisher = {Springer},
	Title = {Design and Analysis of Experiments},
	Year = 1999}

@magazine{Deibel:2000,
	Author = {Mary Diebel},
	Day = 18,
	Journal = {Denver Rocky Mountain News},
	Month = jun,
	Pages = {1G, 19G},
	Title = {Not Rebooted, Just Plain Booted: Senior {U.S.} Workers Shown Door in Favor of Foreigners},
	Year = {2000}}

@article{DemsLair:1977,
	Author = {Demster, A. P. and Laird, N. M. and Rubin, D. B.},
	Journal = {Journal of the Royal Statistical Society (B)},
	Pages = {1--38},
	Title = {Maximum Likelihood from Incomplete Data via the {EM} Algorithm},
	Volume = 39,
	Year = 1977}

@article{DiggKenw:1994,
	Author = {P. J. Diggle and M. G. Kenward},
	Journal = {Applied Statistics},
	Number = 1,
	Pages = {49--93},
	Title = {Informative Drop-out in Longitudinal Data Analysis},
	Volume = 43,
	Year = 1994}

@book{DiggLian:1994,
	Address = {Oxford},
	Author = {Peter J. Diggle and Kung-Yee Liang and Scott L. Zeger},
	Publisher = {Clarendon Press},
	Title = {Analysis of Longitudinal Data},
	Year = 1994}

@book{DiggHeag:2002,
	Address = {Oxford},
	Author = {Peter J. Diggle and P. Heagerty and Kung-Yee Liang and Scott L. Zeger},
	Publisher = {Oxford University Press},
	Title = {Analysis of Longitudinal Data},
	Year = 2002}

@unpublished{DoraBete:2004,
	Author = {Harold C. Doran and Damian W. Betebenner},
	Howpublished = {Internal Technical Report},
	Month = {August},
	Note = {Report produced for the Colorado Department of Education in support of HB 04-1433},
	Organization = {Colorado Department of Education},
	Title = {Supporting Implementation of {House Bill 04-1433}: A Preliminary Analysis of a Value-added Model},
	Year = 2004}

@unpublished{DoraCohe:2004,
	Author = {Harold C. Doran and Jon Cohen and Matthew Gushta},
	Month = {October},
	Note = {Paper Presented at the 2004 Annual University of Maryland Value-Added Conference, College Park, Maryland},
	Title = {From Saint to Sinner and Back Again: The Confounding Effect of Linking Error on Gains Estimated from Value-added Models},
	Year = 2004}

@techreport{DoraIzum:2004,
	Address = {Sacramento, California},
	Author = {Harold C. Doran and Lance Izumi},
	Institution = {Pacific Research Institute},
	Title = {Putting Education to the Test: A Value added model for the state of {C}alifornia},
	Year = {2004}}

@incollection{Doran:1994,
	Address = {New York},
	Author = {Doran, R. L. and Lawrenz, F. and Helgeson, S.},
	Booktitle = {Handbook of Research on Science Teaching and Learning},
	Editor = {Gale, D. L.},
	Publisher = {Macmillian Publishing Company},
	Title = {Research on Assessment in Science},
	Year = 1994}

@incollection{Rogosa:2005,
	Address = {Chicago},
	Author = {David R. Rogosa},
	Booktitle = {Yearbook of the {National Society for the Study of Education}},
	Editor = {Joan L. Herman and Edward H. Haertel},
	Publisher = {National Society for the Study of Education},
	Title = {Statistical Misunderstandings of the Properties of School Scores and School Accountability},
	Year = 2005}

@incollection{LangPol:1994,
	Address = {London},
	Author = {Rolf Langeheine and Frank {van de Pol}},
	Booktitle = {Analyzing Social \& Political Change},
	Editor = {Angela Dale and Richard B. Davies},
	Pages = {170--197},
	Publisher = {Sage},
	Title = {Discrete-Time Mixed {Markov} Latent Class Models},
	Year = 1994}

@unpublished{Rogosa:2004,
	Author = {David R. Rogosa},
	Month = {Oct},
	Note = {Retrieved from the World Wide Web, August 2, 2006, from \url{http://www-stat.stanford.edu/~rag/api/kscresst.pdf}},
	Title = {Irrelevance of Reliability Coefficient to Accountability Systems: Statistical Disconnect in {Kane-Staiger ``Volatility in School Test Scores"}},
	Year = 2004}

@unpublished{Doran:2004,
	Author = {Harold C. Doran},
	Month = {June},
	Note = {Paper Presented at the 2004 Annual {CCSSO} Large-Scale Assessment Conference},
	Title = {Value-Added Models and Adequate Yearly Progress: Combining Growth and Adequacy in a Standards-based Environment},
	Year = 2004}

@article{Dras:1983,
	Author = {F. Drasgow and C. Parsons},
	Journal = {Applied Psychological Measurement},
	Pages = {189-199},
	Title = {Applications of Unidimensional Item Response Theory Models to Multidimensional Data},
	Volume = 7,
	Year = 1983}

@article{LangPol:2000,
	Author = {Rolf Langeheine and Frank {van de Pol}},
	Journal = {MPR-online},
	Notes = {Retrieved from the World Wide Web June 14th, 2006 from \url{http://www.mpr-online.de/issue9/art2/article.html}},
	Number = 1,
	Pages = {1--16},
	Title = {Fitting Higher Order Markov Chains},
	Volume = 5,
	Year = 2000}

@article{Turnbull:2002,
	Author = {Wendy Turnbull},
	Journal = {International Journal of Technology and Design Education},
	Pages = {23--40},
	Title = {The Place of Authenticity in Technology in {New Zealand} Curriculum},
	Volume = 12,
	Year = 2002}

@article{HennMurp:1999,
	Author = {S. Hennessy and P. Murphy},
	Journal = {International Journal of Technology and Design Education},
	Number = 1,
	Pages = {1--36},
	Title = {The Potential for Collaborative Problem Solving in Design and Technology},
	Volume = 9,
	Year = 1999}

@article{BrowColl:1989,
	Author = {J. Brown and A. Collins and P. Duguid},
	Journal = {Education Researcher},
	Number = 1,
	Pages = {32--42},
	Title = {Situated Cognition and the Culture of Learning},
	Volume = 18,
	Year = 1989}

@article{LianZege:1993,
	Author = {Kung-Yee Liang and Scott Lee Zeger},
	Journal = {Annual Reviews of Public Health},
	Pages = {43--68},
	Title = {Regression Analysis for Correlated Data},
	Volume = 14,
	Year = 1993}

@article{LeeHans:2002,
	Author = {Won-Chan Lee and Bradley A. Hanson and Robert L. Brennan},
	Journal = {Applied Psychological Measurement},
	Number = 4,
	Pages = {412--432},
	Title = {Estimating Consistency and Accuracy Indices for Multiple Classifications},
	Volume = 26,
	Year = 2002}

@book{Duncan:1961,
	Address = {New York},
	Author = {Duncan, O. D.},
	Publisher = {Free Press},
	Title = {A Socioeconomic Index for All Occupations},
	Year = 1961}

@book{Rogoff:1990,
	Address = {New York},
	Author = {B. Rogoff},
	Publisher = {Oxford University Press},
	Title = {Apprenticeship in Thinking: Cognitive Development in Social Context},
	Year = 1990}

@book{FreuPerl:2007,
	Address = {Upper Saddle River, NJ},
	Author = {John E. Freund and Benjamin M. Perles},
	Edition = {12th},
	Publisher = {Pearson Prentice Hall},
	Title = {Modern Elementary Statistics},
	Year = 2007}

@book{ChauMuke:1988,
	Address = {New York},
	Author = {Arijit Chaudhuri and Rahul Mukerjee},
	Publisher = {Marcel Dekker, Inc.},
	Title = {Randomized Response: Theory and Techniques},
	Year = 1988}

@book{Durkheim:1973,
	Address = {New York},
	Author = {Emile Durkheim},
	Originalyear = 1925,
	Publisher = {Free Press},
	Title = {Moral Education},
	Translator = {Everett K. Wilson and Herman Schnurer},
	Year = 1973}

@techreport{ECS:1999,
	Address = {Denver, CO},
	Author = {{Education Commission of the States}},
	Firstkey = {Education Commission of the States, [ECS]},
	Institution = {Education Commission of the States},
	Key = {ECS},
	Number = {SI-99-8W},
	Title = {Education Accountability Systems in the 50 States},
	Type = {ECS Publication},
	Year = 1999}

@techreport{Rogosa:1994,
	Address = {Monterey, CA},
	Author = {David R. Rogosa},
	Institution = {CTB/McGraw-Hill},
	Note = {Appendix to CLAS draft technical report},
	Title = {Misclassification in Student Performance Categories},
	Type = {{CLAS} Technical Report},
	Year = 1994}

@book{EhreSmit:1988,
	Address = {Glenview, Il},
	Author = {Ronald G. Ehrenberg and Robert S. Smith},
	Edition = {3rd},
	Publisher = {Scott, Foresman and Company},
	Title = {Modern Labor Economics},
	Year = 1988}

@incollection{ElmoAble:1996,
	Address = {Washington DC},
	Author = {R. Elmore and C. Ablemann and S. Fuhrman},
	Booktitle = {Holding Schools Accountable: Performance-based Reform in Education},
	Editor = {H. Ladd},
	Pages = {65--98},
	Publisher = {The Brooking Institute Press},
	Title = {The New Accountability in State Education Reform: From Process to Performance},
	Year = 1996}

@article{Engen:1982,
	Author = {Engen, H. B. and Lamb, R. R. and Prediger, D. J.},
	Journal = {Personnel and Guidance Journal},
	Pages = {287--290},
	Title = {Are Secondary Schools Still Using Standardized Tests?},
	Volume = 60,
	Year = 1982}

@article{HansBren:1990,
	Author = {Bradley A. Hanson and Robert L. Brennan},
	Journal = {Journal of Educational Measurement},
	Number = 4,
	Pages = {345--359},
	Title = {An Investigation of Classification Consistency Indexes Estimated Under Alternative Strong True Score Models},
	Volume = 27,
	Year = 1990}

@article{LiviLewi:1995,
	Author = {Samuel A. Livingston and Charles Lewis},
	Journal = {Journal of Educational Measurement},
	Number = 2,
	Pages = {179--197},
	Title = {Estimating the Consistency and Accuracy of Classifications Based on Test Scores},
	Volume = 32,
	Year = 1995}

@article{EideShow:1998,
	Author = {Eric Eide and Mark H. Showalter},
	Journal = {Economics Letters},
	Pages = {345--350},
	Title = {The effect of school quality on student performance: A quantile regression approach},
	Volume = 58,
	Year = 1998}

@article{Etez:1983,
	Author = {J. Etezadi-Amoli and R. P. McDonald},
	Journal = {Psychometrika},
	Pages = {315-342},
	Title = {A Second Generation Nonlinear Factor Analysis},
	Volume = 48,
	Year = 1983}

@article{Fearn:1975,
	Author = {T. Fearn},
	Journal = {Biometrika},
	Pages = {89--100},
	Title = {A {Bayesian} Approach to Growth Curves},
	Volume = 62,
	Year = 1975}

@article{MoteAnde:1965,
	Author = {V. L. Mote and R. L. Anderson},
	Journal = {Biometrika},
	Pages = {95--109},
	Title = {An investigation of the effect of misclassification on the properties of $\chi^2$-tests in the analysis of categorical data},
	Volume = 52,
	Year = 1965}

@article{Fielding:1999,
	Author = {Antony Fielding},
	Journal = {Journal of the Royal Statistical Society, Series A},
	Number = 3,
	Pages = {303--328},
	Title = {Why use arbitrary points scores?: Ordered Categories in models of educational progress},
	Volume = {162},
	Year = 1999}

@article{Finn:2002,
	Author = {Chester E. Finn},
	Journal = {The Education Gadfly},
	Note = {Available online at \url{http://www.edexcellence.net/gadfly/v02/gadfly17.Html#checker1}},
	Number = 17,
	Title = {Can State Standard and Market-based Reforms be Reconciled?},
	Volume = 2,
	Year = 2002}

@article{FitzYen:1995,
	Author = {Anne R. Fitzpatrick and Wendy M. Yen},
	Journal = {Journal of Educational Measurement},
	Number = 3,
	Pages = {243--259},
	Title = {The Psychometric Characteristics of Choice Items},
	Volume = 32,
	Year = 1995}

@techreport{FleiHops:1993,
	Address = {Arlington, VA},
	Author = {H. L. Fleischman and P. J. Hopstock},
	Institution = {Development Associates},
	Title = {Descriptive Study of Services to Limited English Proficient Students, Volume 1: Summary of Findings and Conclusions},
	Year = 1993}

@article{Fleiss:1971,
	Author = {Joseph L. Fleiss},
	Journal = {Journal of the American Statistical Association},
	Number = 333,
	Pages = {142--144},
	Title = {On the Distribution of a Linear Combination of Independent Chi Squares},
	Volume = 66,
	Year = 1971}

@article{FredColl:1989,
	Author = {Frederiksen, John R. and Collins, Allan},
	Journal = {Educational Researcher},
	Pages = {27--32},
	Title = {A Systems Approach to Educational Testing},
	Volume = 18,
	Year = 1989}

@article{Fritzberg:2000,
	Author = {Gregory J. Fritzberg},
	Journal = {Educational Foundations},
	Number = 2,
	Title = {Equal Education Opportunity versus `Excellenc': Keeping the pressure on {Goliath}},
	Volume = 14,
	Year = {2000}}

@book{Friedman:1962,
	Address = {Chicago},
	Author = {Milton Friedman},
	Publisher = {University of Chicago Press},
	Title = {Capitalism and Freedom},
	Year = 1962}

@book{FullElmo:1996,
	Address = {New York},
	Editor = {B. Fuller and R. F. Elmore},
	Publisher = {Teachers College Press},
	Title = {Who Chooses? Who Loses? Culture, Institutions, and the Unequal Effects of School Choice},
	Year = 1996}

@article{Games:1976,
	Author = {P. A. Games},
	Journal = {Journal of Experimental Education},
	Pages = {51--54},
	Title = {Limitations of Analysis of Covariance on Intact Group Quasi-Experimental Designs},
	Volume = 44,
	Year = 1976}

@article{GelfSmit:1990,
	Author = {Gelfund, A. E. and Smith, Adrian F. M.},
	Journal = {Journal of the American Statistical Association},
	Pages = {398-409},
	Title = {Sampling-based Approaches to Calculating Marginal Densities},
	Volume = 85,
	Year = 1990}

@article{HoutHeij:2002,
	Author = {{van den Hout}, Ardo and {van der Heijden}, Peter G. M.},
	Journal = {International Statistical Review},
	Number = 2,
	Pages = {269--288},
	Title = {Randomized Response, Statistical Disclosure Control and Misclassification: A Review},
	Volume = 70,
	Year = 2002}

@book{GelmCarl:1995,
	Address = {London},
	Author = {Andrew Gelman and John B. Carlin and Hal S. Stern and Donald B. Rubin},
	Publisher = {Chapman \& Hall},
	Title = {Bayesian Data Analysis},
	Year = 1995}

@article{GelmRubi:1992,
	Author = {Andrew Gelman and Donald B. Rubin},
	Journal = {Statistical Science},
	Pages = {457--511},
	Title = {Inference from Iterative Simulation using Multiple Sequences (with discussion)},
	Volume = 7,
	Year = 1992}

@techreport{GillTimp:2001,
	Address = {Santa Monica, CA},
	Author = {B. Gill and M. Timpane and K. Ross and K. Brewer},
	Institution = {RAND},
	Title = {Rhetoric Versus Reality: What we Know and What we Need to Know About Vouchers and Charter Schools},
	Year = 2001}

@book{GlasHopk:1996,
	Address = {Needham Heights, MA},
	Author = {Gene V. Glass and Kenneth D. Hopkins},
	Edition = {3rd},
	Publisher = {Allyn and Bacon},
	Title = {Statistical Methods in Education and Psychology},
	Year = 1996}

@book{Gnedenko:1967,
	Address = {New York},
	Author = {B. V. Gnedenko},
	Edition = {4th},
	Publisher = {Chelsea},
	Title = {The Theory of Probability},
	Translator = {B. D. Seckler},
	Year = 1967}

@techreport{GoerDuff:2000,
	Address = {Philadelphia, PA},
	Author = {M. Goertz and M. Duffy and K. Carlson-LeFloch},
	Institution = {Consortium for Policy Research in Education},
	Note = {Available online at \url{http://www.cpre.org/Publications/Publications_Accountability.htm}},
	Number = {RR-046},
	Title = {Assessment and Accountability Systems: 50 State Profiles},
	Type = {CPRE Research Report Series},
	Year = 2000}

@techreport{Zumbo:1999,
	Address = {Ottawa, ON},
	Author = {Bruno D. Zumbo},
	Institution = {Directoral of Human Resources Research and Evaluation, Department of National Defense},
	Title = {A Handbook on the Theory and Methods of Differential Item Functioning {(DIF)}: Logistic regression modeling as a unitary framework for binary and {Likert}-Type (Ordinal) Item Scores},
	Year = 1999}

@article{GoldHeal:1995,
	Author = {Harvey Goldstein and Michael J. R. Healy},
	Journal = {Journal of the Royal Statistical Society, Series A},
	Number = 1,
	Pages = {175--177},
	Title = {The Graphical Presentation of a Collection of Means},
	Volume = 158,
	Year = 1995}

@book{Goldstein:1979,
	Address = {London},
	Author = {Harvey Goldstein},
	Publisher = {Academic Press},
	Title = {The Design and Analysis of Longitudinal Studies: Their Role in the Measurement of Change},
	Year = 1979}

@book{Goldstein:1987,
	Address = {London},
	Author = {Harvey Goldstein},
	Publisher = {Griffin},
	Title = {Multilevel Models in Educational and Social Research},
	Year = 1987}

@book{Goldstein:1995,
	Address = {New York},
	Author = {Harvey Goldstein},
	Edition = {2nd},
	Publisher = {Edward Arnold},
	Title = {Multilevel Statistical Models},
	Year = 1995}

@book{Goldstein:2003,
	Address = {London},
	Author = {Harvey Goldstein},
	Edition = {3rd},
	Publisher = {Arnold},
	Title = {Multilevel Statistical Models},
	Year = 2003}

@article{GoraFitz:2001,
	Author = {S. Gorard and J. Fitz and C. Taylor},
	Journal = {Educational Researcher},
	Number = 7,
	Pages = {18--23},
	Title = {School Choice Impacts: What Do We Know},
	Volume = 30,
	Year = 2001}

@article{GrayWang:1980,
	Author = {Franklin A. Graybill and Chih-Ming Wang},
	Journal = {Journal of the American Statistical Association},
	Number = 372,
	Pages = {869--873},
	Title = {Confidence Intervals on Nonnegative Linear Combinations of Variances},
	Volume = 75,
	Year = 1980}

@techreport{GreePete:1997,
	Address = {Cambridge, MA},
	Author = {J. P. Greene and P. Peterson and J. Du},
	Institution = {Harvard Program on Education Policy and Governance},
	Title = {Effectiveness of School Choice: The {Milwaukee} Experiment},
	Type = {Occasional Paper 97-01},
	Year = 1997}

@techreport{Greene:1999,
	Address = {Columbus, OH},
	Author = {J. P. Greene},
	Institution = {Buckeye Institute},
	Title = {Choice and Community: The Racial, Economic, and Religious Context of Parental Choice in {Cleveland}},
	Year = 1999}

@techreport{Greene:2001,
	Address = {New York},
	Author = {J. P. Greene},
	Institution = {The Manhattan Institute},
	Note = {Available online at \url{http://www.manhattan-institute.org/html/greene.htm}},
	Title = {An Evaluation of the {Florida} {A+} Accountability and Choice Program},
	Year = 2001}

@magazine{Greene:2001a,
	Author = {J. Greene},
	Journal = {New York Post},
	Note = {Available online at \url{http://www.manhattan-institute.org/html/_nypost-bushs_school.htm}},
	Title = {Bush's School Plan: Why We Know It'll Work},
	Year = 2001}

@book{Greene:2003,
	Address = {Saddle River, NJ},
	Author = {William H. Greene},
	Edition = {5th},
	Publisher = {Prentice-Hall},
	Title = {Econometric Analysis},
	Year = 2003}

@magazine{Greenspan:2000,
	Author = {Alan Greenspan},
	Day = {1},
	Journal = {Vital Speeches of the Day},
	Month = may,
	Pages = {418--420},
	Title = {Investments in Human Capital},
	Type = {Address by Alan Greenspan, Chairman of the Federal Reserve Board, delivered to the U.S. Department of Labor National Skills Summit, Washington, D.C., April 11, 2000},
	Year = 2000}

@techreport{Griswold:1998,
	Address = {Washington, D.C.},
	Author = {Daniel T. Griswold},
	Institution = {CATO},
	Title = {Let High-tech Workers In!},
	Type = {{CATO} Commentary},
	Year = 1998}

@book{Gulliksen:1950,
	Address = {Hillsdale, NJ},
	Author = {Gulliksen, H. O.},
	Publisher = {Erlbaum},
	Title = {A Theory of Mental Tests},
	Year = 1950}

@book{Halmos:1974,
	Address = {New York},
	Author = {Paul R. Halmos},
	Publisher = {Springer-Verlag},
	Title = {Finite Dimensional Vector Spaces},
	Year = 1974}

@article{Hand:1994,
	Author = {David J. Hand},
	Journal = {Journal of the Royal Statistical Society A},
	Pages = {317--356},
	Title = {Deconstructing Statistical Questions},
	Volume = 157,
	Year = 1994}

@article{Hastings:1970,
	Author = {Hastings, W. K.},
	Journal = {Biometrika},
	Pages = {97-109},
	Title = {Monte {C}arlo sampling methods using {M}arkov Chains and their Applications},
	Volume = 57,
	Year = 1970}

@article{Hatt:1996,
	Author = {John A. Hattie and Krzysztof Krakowskip and H. Jane Rogers and Hariharan Swaminathan},
	Journal = {Applied Psychological Measurement},
	Pages = {1-14},
	Title = {An Assessment of {S}tout's Index of Essential Unidimensionality},
	Volume = 20,
	Year = 1996}

@article{SwamHamb:1974,
	Author = {Hariharan Swaminathan and Ronald K. Hambleton and James Algina},
	Journal = {Journal of Educational Measurement},
	Number = 4,
	Pages = {263--267},
	Title = {Reliabiliity of Criterion-Referenced Tests: A Decision-Theoretic Formulation},
	Volume = 11,
	Year = 1974}

@article{HambNovi:1973,
	Author = {Ronald K. Hambleton and Melvin R. Novick},
	Journal = {Journal of Educational Measurement},
	Number = 1,
	Pages = {159--170},
	Title = {Toward an Integration of Theory and Method for Criterion-Referenced Tests},
	Volume = 10,
	Year = 1973}

@book{Hays:1994,
	Address = {Stamford, CT},
	Author = {William L. Hays},
	Edition = {5th},
	Publisher = {Wadsworth Publishing},
	Title = {Statistics},
	Year = 1994}

@article{HedeGibb:1997,
	Author = {Donald Hedeker and Robert D. Gibbons},
	Journal = {Psychological Methods},
	Number = 1,
	Pages = {64--78},
	Title = {Application of Random-Effects Pattern-Mixture Models for Missing Data in Longitudinal Studies},
	Volume = 2,
	Year = 1997}

@incollection{Hedeker:2003,
	Address = {Boston},
	Author = {Donald Hedeker},
	Booktitle = {Handbook for Quantitative Multilevel Analysis},
	Editor = {Jan {de Leeuw} and Ita Kreft},
	Pages = {300--345},
	Publisher = {Kluwer Academic Publishers},
	Title = {Multilevel Models for Ordinal and Nominal Variables},
	Year = 2003}

@incollection{ClauMarg:2006,
	Address = {Westport, CT},
	Author = {B. E. Clauser and M. J. Margolis and S. M. Case},
	Booktitle = {Educational Measurement},
	Editor = {R. L. Brennan},
	Pages = {701--731},
	Publisher = {American Council on Education/Praeger},
	Title = {Testing for licensure and certification in the professions},
	Year = 2006}

@incollection{KuhaSkin:1997,
	Address = {New York},
	Author = {Jouni Kuha and Chris Skinner},
	Booktitle = {Survey Measurement and Process Quality},
	Editor = {Lars Lyberg and Paul Biemer and Martin Collins and Edith {De Leeuw} and Cathryn Dippo and Norbert Schwarz and Dennis Trewin},
	Pages = {633--670},
	Publisher = {John Wiley \& Sons},
	Title = {Categorical Data and Misclassification},
	Year = 1997}

@techreport{HendLand:1986,
	Address = {Santa Cruz, CA},
	Author = {Ronald W. Henderson and Edward M. Landesman},
	Institution = {California University, Santa Cruz},
	Note = {ERIC Document Reproduction Service No. 282925},
	Title = {A Preliminary Evaluation of Student Preparation for the Study of Calculus},
	Year = 1986}

@incollection{HeniSuga:1999,
	Address = {Washington, DC},
	Author = {J. Henig and S. Sugarman},
	Booktitle = {School Choice and Social Controversy: Politics, Policy and Law},
	Editor = {S. Sugarman and F. Kremerer},
	Pages = {13--35},
	Publisher = {Brookings Institution Press},
	Title = {The Nature and Extent of School Choice},
	Year = 1999}

@book{Hess:2002,
	Address = {Washington, D.C.},
	Author = {F. Hess},
	Publisher = {Brookings},
	Title = {Revolution at the Margins: The Impact of Competition on Urban School Systems},
	Year = 2002}

@article{HessLeal:2001,
	Author = {F. Hess and D. Leal},
	Journal = {Urban Affairs Review},
	Number = 2,
	Pages = {249--266},
	Title = {Quality, Race, and the Urban Education Marketplace},
	Volume = 37,
	Year = 2001}

@article{Hausman:2001,
	Author = {Jerry Hausman},
	Journal = {Journal of Economic Perspectives},
	Number = 4,
	Pages = {57--67},
	Title = {Mismeasured Variables in Econometric Analysis: Problems from the Right and Problems from the Left},
	Volume = 15,
	Year = 2001}

@techreport{HessMara:1999,
	Address = {Cambridge, MA},
	Author = {F. Hess and R. Maranto and S. Milliman},
	Institution = {Harvard Program on Education Policy and Governance},
	Title = {Coping with Competition: How School Systems Respond to School Choice},
	Type = {Occasional Paper 99-01},
	Year = 1999}

@book{HeubHaus:1999,
	Address = {Washington, DC},
	Editor = {Jay Philip Heubert and Robert Mason Hauser},
	Publisher = {National Academy Press},
	Title = {High Stakes: Testing for Tracking, Promotion, and Graduation},
	Year = 1999}

@techreport{Hill:1996,
	Address = {Arlington, VA},
	Author = {Susan T. Hill},
	Institution = {National Science Foundation, Science Resources Studies Division},
	Month = mar,
	Number = {96-315},
	Title = {Non-U.S. Citizens are 40 percent of S\&E Doctorate Recipients from U.S. Universities in 1995},
	Type = {NSF},
	Year = 1996}

@techreport{Hill:2001,
	Address = {Dover, NH},
	Author = {Richard K. Hill},
	Institution = {The National Center for the Improvement of Educational Assessment},
	Title = {Issues Related to the Reliability of School Accountability Systems},
	Year = 2001}

@techreport{Hill:2003,
	Address = {Dover, NH},
	Author = {Richard K. Hill},
	Institution = {The National Center for the Improvement of Educational Assessment},
	Title = {Using longitudinal designs with {NCLB}},
	Year = 2003}

@lecture{Hill:2005,
	Author = {Richard Hill},
	Howpublished = {Presentation made at the Longitudinal and Value Added Modeling of Student Performance Conference, College Park, Maryland, Nov. 2005},
	Title = {Using Value Tables to Explicitly Value Student Growth},
	Year = 2005}

@lecture{Braun:2008,
	Author = {Henry I. Braun},
	Howpublished = {Presentation made at the 2008 Reidy Interactive Lecture Series, Portsmouth, NH, September, 2008},
	Title = {Viccissitudes of the Validators},
	Year = 2008}

@article{Holl:1981,
	Author = {P. W. Holland},
	Journal = {Psychometrika},
	Pages = {79-92},
	Title = {When are Item Response Models Consistent With Observed Data?},
	Volume = 46,
	Year = 1981}

@incollection{HollRubi:1983,
	Address = {Hillsdale, New Jersey},
	Author = {Paul W. Holland and Donald B. Rubin},
	Booktitle = {Principles of Modern Psychological Measurement},
	Editor = {Howard Wainer and Samuel Messick},
	Pages = {3--25},
	Publisher = {Lawrence Erlbaum Associates},
	Title = {On {Lord's} Paradox},
	Year = {1983}}

@article{Holland:1986,
	Author = {Paul W. Holland},
	Journal = {Journal of the American Statistical Association},
	Month = {Dec},
	Number = {396},
	Pages = {945--960},
	Title = {Statistics and Causal Inference},
	Volume = {81},
	Year = 1986}

@article{Holland:2002,
	Author = {Paul W. Holland},
	Journal = {Journal of Educational and Behavioral Statistics},
	Number = 1,
	Pages = {3--17},
	Title = {Two Measures of Change in the Gaps Between the {CDF}s of Test-score Distributions},
	Volume = 27,
	Year = 2002}

@article{Hophop:1979,
	Author = {Kenneth D. Hopkins and Bob R. Hopkins},
	Journal = {Journal of Special Education},
	Pages = {143-166},
	Title = {The Effect of the Reliability of the Dependent Variable on Power},
	Volume = 13,
	Year = 1979}

@book{Hopkins:measurement3,
	Address = {New York},
	Author = {Kenneth D. Hopkins and Julian C. Stanley and Bob Hopkins},
	Edition = {Third},
	Publisher = {Allyn and Bacon},
	Title = {Educational and Psychological Measurement and Evaluation},
	Year = 1990}

@book{Berk:2003,
	Address = {Thousand Oaks, CA},
	Author = {Richard A. Berk},
	Publisher = {Sage},
	Title = {Regression Analysis: A Constructive Critique},
	Year = 2003}

@book{HastTibs:1990,
	Address = {New York, NY},
	Author = {Trevor J. Hastie and R. J. Tibshirani},
	Publisher = {Chapman \& Hall/CRC},
	Title = {Generalized Additive Models},
	Year = 1990}

@book{Wood:2006,
	Address = {New York, NY},
	Author = {Simon N. Wood},
	Publisher = {Chapman \& Hall/CRC},
	Title = {Generalized Additive Models: An Introduction with {R}},
	Year = 2006}

@book{Horst:1966,
	Address = {Belmont, {CA}},
	Author = {Horst, Paul},
	Publisher = {Wadsworth},
	Title = {Psychological Measurement and Prediction},
	Year = 1966}

@book{HosmLeme:1989,
	Address = {New York},
	Author = {David W. Hosmer and Stanley Lemeshow},
	Publisher = {Wiley},
	Title = {Applied Logistic Regression},
	Year = 1989}

@magazine{HousChron:1996,
	Day = 23,
	Journal = {Houston Chronicle},
	Key = {``Remedial Education"},
	Month = jul,
	Note = {Retrieved January 14, 1998 from the World Wide Web: http://www.chron.com/content/chronicle/editorial/96/07/23/skul.0-0.html},
	Title = {Remedial Education: Paying Twice for the Job the Public Schools Didn't Do},
	Type = {Newspaper, selected stories on line},
	Year = 1996}

@techreport{HousSawy:1988,
	Address = {Iowa City, Iowa},
	Author = {Walter M. Houston and Richard Sawyer},
	Institution = {ACT, Inc.},
	Number = {88-4},
	Title = {Central Prediction Systems for Predicting Specific Course Grades},
	Type = {ACT Research Report Series},
	Year = 1988}

@techreport{Brennan:1981,
	Address = {Iowa City, Iowa},
	Author = {Robert L. Brennan},
	Institution = {ACT, Inc.},
	Number = {38},
	Title = {Some statistical procedures for domain-referenced testing: A handbook for practitioners},
	Type = {ACT Technical Bulletin},
	Year = 1981}

@techreport{HousWood:1997,
	Address = {Iowa City, Iowa},
	Author = {Walter M. Houston and David J. Woodruff},
	Institution = {ACT, Inc.},
	Title = {Empirical {B}ayes Estimates of Parameters from the Logistic Regression Model},
	Year = 1997}

@unpublished{Houston:1993,
	Author = {Walter M. Houston},
	Month = {April},
	Note = {Paper presented at the annual meeting of the American Educational Research Association, Atlanta},
	Title = {Accuracy of Validity Indices for Course Placement Systems},
	Year = 1993}

@article{WeiHe:2006,
	Author = {Ying Wei and Xuming He},
	Journal = {The Annals of Statistics},
	Number = 5,
	Pages = {2069--2097},
	Title = {Conditional Growth Charts},
	Volume = 34,
	Year = 2006}

@article{WeiPere:2006,
	Author = {Ying Wei and Anneli Pere and Roger Koenker and Xuming He},
	Journal = {Statistics in Medicine},
	Pages = {1369--1382},
	Title = {Quantile Regression Methods for Reference Growth Charts},
	Volume = 25,
	Year = 2006}

@unpublished{WeiPere:2005,
	Author = {Ying Wei and Anneli Pere and Roger Koenker and Xuming He},
	Month = {December},
	Note = {Paper available online at \url{http://www.econ.uiuc.edu/~roger/research/growth/growth.pdf}},
	Title = {Quantile Regression Methods for Reference Growth Charts},
	Year = 2005}

@book{Howe:1997,
	Address = {New York},
	Author = {Kenneth R. Howe},
	Publisher = {Teachers College Press},
	Title = {Understanding Equal Educational Opportunity},
	Year = 1997}

@book{Koenker:2005,
	Address = {Cambridge},
	Author = {Roger Koenker},
	Publisher = {Cambridge University Press},
	Title = {Quantile Regression},
	Year = 2005}

@techreport{HoweEise:2000,
	Address = {Boulder, CO},
	Author = {Ken Howe and Margaret Eisenhart},
	Institution = {Education and the Public Interest Center (EPIC), University of Colorado, Boulder},
	Title = {A Study of {Boulder Valley School District's} Open Enrollment System},
	Year = 2000}

@article{HoweEise:2001,
	Author = {Ken Howe and Margaret Eisenhart and Damian W. Betebenner},
	Journal = {Phi Delta Kappan},
	Month = {October},
	Pages = {137--146},
	Title = {School Choice Crucible: A Case Study of {Boulder Valley}},
	Year = 2001}

@article{Howe:1989,
	Author = {Kenneth R. Howe},
	Journal = {Educational Theory},
	Number = 4,
	Pages = {317--336},
	Title = {In defense of outcomes-based conceptions of equal educational opportunity},
	Volume = 39,
	Year = 1989}

@book{Howell:2002,
	Address = {Pacific Grove, CA},
	Author = {David C. Howell},
	Edition = {5th},
	Publisher = {Duxbury},
	Title = {Statistical Methods for Psychology},
	Year = 2002}

@techreport{Hoxby:2001,
	Address = {Stanford, CA},
	Author = {C. Hoxby},
	Institution = {Hoover Institution},
	Month = {September},
	Note = {Paper prepared for Koret Task Force Meeting on K-12 Education},
	Title = {How School Choice Affects the Achievement of Public School Students},
	Year = {2001}}

@incollection{Hump:1985,
	Address = {New York},
	Author = {L. G. Humphreys},
	Booktitle = {Handbook of Intelligence},
	Editor = {B. B. Wolman},
	Pages = {201-224},
	Publisher = {Wiley},
	Title = {General Intelligence: An Integration of Factor, Test and Simplex Theory},
	Year = 1985}

@incollection{PhilCrou:1998,
	Address = {Washington, D.C.},
	Author = {Meredith Phillips and James Crouse and John Ralph},
	Booktitle = {The Black-White Test Score Gap},
	Editor = {Christopher Jencks and Meredith Phillips},
	Pages = {229-272},
	Publisher = {Brookings Institution Press},
	Title = {Does the Black-White Test Score Gap Widen After Children Enter School?},
	Year = 1998}

@incollection{PhilGunn:1998,
	Address = {Washington, D.C.},
	Author = {Meredith Phillips and Jeanne Brooks-Gunn and Greg J. Duncan and Pamela Klebanov and Jonathan Crane},
	Booktitle = {The Black-White Test Score Gap},
	Editor = {Christopher Jencks and Meredith Phillips},
	Pages = {103-148},
	Publisher = {Brookings Institution Press},
	Title = {Family Background, Parenting Practices, and the Black-White Test Score Gap},
	Year = 1998}

@incollection{Ferguson:1998,
	Address = {Washington, D.C.},
	Author = {Ronald F. Ferguson},
	Booktitle = {The Black-White Test Score Gap},
	Editor = {Christopher Jencks and Meredith Phillips},
	Pages = {318-374},
	Publisher = {Brookings Institution Press},
	Title = {Can Schools Narrow the Black-White Test Score Gap?},
	Year = 1998}

@unpublished{HuynSchn:2004,
	Author = {Huynh Huynh and Christina Schneider},
	Month = {April},
	Note = {Paper presented at the 2004 annual meeting of the American Educational Research Association, San Diego},
	Title = {Vertically Moderated Standards as an Alternative to Vertical Scaling: Assumptions, Practices and an Odyssey Through {NAEP}},
	Year = 2004}

@incollection{Ignash:1997,
	Address = {San Francisco},
	Author = {Jan Marie Ignash},
	Booktitle = {Implementing Effective Policies for Remedial and Developmental Education},
	Editor = {Ignash, J. M.},
	Pages = {5--20},
	Publisher = {Jossey-Bass Publishers},
	Title = {Who Should Provide Postsecondary Remedial/Developmental Education?},
	Volume = {New Directions for Community Colleges No.~100},
	Year = 1997}

@techreport{JohnPack:1987,
	Address = {Indianapolis},
	Author = {William Johnston and Arnold Packer},
	Institution = {Hudson Institute},
	Title = {Workforce 2000},
	Year = 1987}

@article{JorgFrau:1992,
	Author = {Dale W. Jorgenson and Barbara M. Fraumeni},
	Journal = {Scandinavian Journal of Economics},
	Pages = {51--70},
	Title = {Investment in Education and {U.S.} Economic Growth},
	Volume = {94, Supplement},
	Year = 1992}

@unpublished{Kalich:1993,
	Author = {Kalich, P. A. and Dorminey, J. J.},
	Month = {February},
	Note = {Presented at the $73^{rd}$ Annual Meeting of the Association of Teacher Educators},
	Title = {Role Perceptions of Early Childhood Teachers},
	Year = 1993}

@unpublished{BeteHowe:2007,
	Author = {Damian W. Betebenner and Kenneth R. Howe},
	Note = {Unpublished. To appear in Educational Researcher},
	Title = {On {NCLB}, Equal Educational Opportunity and Closing Achievement Gaps},
	Year = 2007}

@techreport{KingOlso:2004,
	Address = {Portland, OR},
	Author = {G. Gage Kingsbury and Allan Olson and Donna McCahon and Martha McCall},
	Institution = {Northwest Evaluation Association},
	Month = {July},
	Title = {Adequate Yearly Progress using the {Hybrid Success Model}: A Suggested Improvement to {No Child Left Behind}},
	Year = 2004}

@techreport{Linn:2003a,
	Address = {Los Angeles, CA},
	Author = {Robert L. Linn},
	Institution = {Center for the Study of Evaluation, CRESST},
	Month = {July},
	Title = {Accountability: Responsibility and Reasonable Expectations},
	Year = 2003}

@techreport{Linn:2006,
	Address = {Los Angeles, CA},
	Author = {Robert L. Linn},
	Institution = {National Center for Research on Evaluation, Standards, and Student Testing},
	Note = {To appear in Festschrift dedicated to the life and work of Robert Linn},
	Title = {Educational Accountability Systems},
	Year = 2006}

@unpublished{Betebenner:2006b,
	Address = {Los Angeles, CA},
	Author = {Damian W. Betebenner},
	Howpublished = {Paper presented at the Festschrift dedicated to the life and work of Robert L.~Linn, sponsored by the National Center for Research on Evaluation, Standards, and Student Testing},
	Month = {January},
	Title = {Growth as a Description of Process},
	Year = 2006}

@article{Kohn:1995,
	Author = {Kohn, Alfie},
	Journal = {Educational Leadership},
	Month = {November},
	Pages = {2--5},
	Title = {Grading: The Issue is Not How But Why},
	Year = 1995}

@book{KoleBren:1995,
	Address = {New York},
	Author = {Michael J. Kolen and Robert L. Brennan},
	Publisher = {Springer},
	Title = {Test Equating: Methods and Practices},
	Year = 1995}

@techreport{Koretz:1997,
	Address = {Los Angeles},
	Author = {D. Koretz},
	Institution = {National Center for Research on Evaluation, Standards, and Student Testing},
	Number = 431,
	Title = {The Assessment of Students with Disabilities in Kentucky},
	Type = {CSE Technical Report},
	Year = 1997}

@techreport{Kupermintz:2002,
	Address = {Los Angeles, CA},
	Author = {Haggai Kupermintz},
	Institution = {National Center for Research on Evaluation, Standards and Student Testing},
	Number = 563,
	Title = {Teacher Effects as a Measure of Teacher Effectiveness: Construct Validity Considerations in {TVAAS}},
	Type = {CSE Technical Report},
	Year = 2002}

@misc{LSAY:1992,
	Address = {DeKalb, IL},
	Author = {{Public Opinion Laboratory of Northern Illinois University }},
	Firstkey = {{Public Opinion Laboratory of Northern Illinois University [POLNIU]}},
	Howpublished = {Published under NSF grant MDR-8550085},
	Key = {{POLNIU}},
	Publisher = {Northern Illinois University},
	Title = {Longitudinal {S}tudy of {A}merican {Y}outh},
	Type = {LSAY Codebook Vol. 1-2},
	Year = 1992}

@misc{LSAY:1999,
	Address = {Chicago},
	Author = {Jon D. Miller and Linda Kimmel and Thomas B. Hoffer and Cynthia Nelson},
	Howpublished = {{Public Opinion Laboratory of Northern Illinois University}},
	Publisher = {International Center for the Advancement of Scientific Literacy at the Chicago Academy of Sciences (Distributor)},
	Title = {{L.S.A.Y.} Longitudinal Study of American Youth: The Complete 7-year Record},
	Type = {{CD-ROM}},
	Year = 1999}

@article{LaCeRive:1994,
	Author = {M. LaCelle-Peterson and C. Rivera},
	Journal = {Harvard Educational Review},
	Pages = {55--75},
	Title = {Is it Real for All Kids? A Framework for Equitable Assessment Policies for {E}nglish Language Learners},
	Volume = 64,
	Year = 1994}

@article{Kupermintz:2004,
	Author = {Haggai Kupermintz},
	Journal = {Journal of Educational Measurement},
	Number = 3,
	Pages = {193--204},
	Title = {On the Reliability of Categorically Scored Examinations},
	Volume = 41,
	Year = 2004}

@article{KuchMwal:2006,
	Author = {Helmut K\"{u}chenhoff and Samuel M. Mwalili and Emmanuel Lesaffre},
	Journal = {Biometrics},
	Pages = {85--96},
	Title = {A General Method for Dealing with Misclassification in Regression: The Misclassification {SIMEX}},
	Volume = 62,
	Year = 2006}

@article{LairWare:1982,
	Author = {N. M. Laird and J. H. Ware},
	Journal = {Biometrics},
	Pages = {963--974},
	Title = {Random-effects Models for Longitudinal Data},
	Volume = 38,
	Year = 1982}

@book{LaudHugh:1999,
	Address = {Philadelphia},
	Author = {H. Lauder and D. Hughs},
	Publisher = {Open University Press},
	Title = {Trading in Futures: Why Markets in Education Don't Work},
	Year = 1999}

@inproceedings{Leisch:2002,
	Address = {Heidelberg, Germany},
	Author = {Friedrich Leisch},
	Booktitle = {Compstat 2002---Proceedings in Computational Statistics},
	Editor = {Wolfgang H\"{a}rdle and Bernd R\"{o}nz},
	Isbn = {3-7908-1517-9},
	Pages = {575--580},
	Publisher = {Physika Verlag},
	Title = {Sweave: Dynamic generation of statistical reports using literate data analysis},
	Url = {http://www.ci.tuwien.ac.at/~leisch/Sweave},
	Year = 2002,
	Bdsk-Url-1 = {http://www.ci.tuwien.ac.at/~leisch/Sweave}}

@article{Leisch:2002b,
	Author = {Freidrich Leisch},
	Journal = {R News},
	Month = {December},
	Number = 3,
	Pages = {28--31},
	Title = {{Sweave, Part I: Mixing R and \LaTeX}},
	Url = {http://cran.r-project.org/doc/Rnews/Rnews_2002-3.pdf},
	Volume = 2,
	Year = 2002,
	Bdsk-Url-1 = {http://cran.r-project.org/doc/Rnews/Rnews_2002-3.pdf}}

@article{Leisch:2003,
	Author = {Friedrich Leisch},
	Journal = {R News},
	Month = {October},
	Number = 2,
	Pages = {21--24},
	Title = {{Sweave, Part II: Package Vignettes}},
	Url = {http://cran.r-project.org/doc/Rnews/Rnews_2003-2.pdf},
	Volume = 3,
	Year = 2003,
	Bdsk-Url-1 = {http://cran.r-project.org/doc/Rnews/Rnews_2003-2.pdf}}

@incollection{Levin:1994,
	Address = {Thousand Oaks, California},
	Author = {Henry M. Levin},
	Booktitle = {Outcome Equity in Education},
	Editor = {Robert Berne and Lawrence O. Picus},
	Publisher = {Corwin Press, Inc.},
	Title = {The Necessary and Sufficient Conditions for Achieving Educational Equity},
	Year = 1994}

@incollection{Betebenner:2008,
	Address = {New York},
	Author = {Damian W. Betebenner},
	Booktitle = {The Future of Test-Based Educational Accountability},
	Editor = {Katherine E. Ryan and Lorrie A. Shepard},
	Pages = {155--170},
	Publisher = {Taylor \& Francis},
	Title = {Toward a Normative Understanding of Student Growth},
	Year = 2008}

@incollection{Linn:2008,
	Address = {New York},
	Author = {Robert L. Linn},
	Booktitle = {The Future of Test-Based Educational Accountability},
	Pages = {3--24},
	Publisher = {Taylor \& Francis},
	Title = {Educational Accountability Systems},
	Year = 2008}

@incollection{Levy:1994,
	Address = {Thousand Oaks, California},
	Author = {Janet E. Levy},
	Booktitle = {Outcome Equity in Education},
	Editor = {Robert Berne and Lawrence O. Picus},
	Publisher = {Corwin Press, Inc.},
	Title = {A Review of Public Policy Studies on the use of Outcomes},
	Year = 1994}

@article{LeviWyck:1988,
	Author = {James Levin and John Wyckoff},
	Journal = {Engineering Education},
	Pages = {178--182},
	Title = {Effective Advising: Identifying Students Most Likely to Persist and Succeed in Engineering},
	Volume = 78,
	Year = 1988}

@article{Linn:2000,
	Author = {Robert L. Linn},
	Journal = {Educational Researcher},
	Pages = {4--16},
	Title = {Assessments and Accountability},
	Volume = {29},
	Year = 2000}

@article{LinnHaug:2002,
	Author = {Robert L. Linn and Carolyn Haug},
	Journal = {Educational Evaluation and Policy Analysis},
	Number = 1,
	Pages = {29--36},
	Title = {Stability of school-building accountability scores and gains},
	Volume = 24,
	Year = 2002}

@article{Lee:2002,
	Author = {Jaekyung Lee},
	Journal = {Educational Researcher},
	Number = 1,
	Pages = {3--12},
	Title = {Racial and Ethnic Achievement Gap Trends: Reversing the Progress Toward Equity?},
	Volume = 31,
	Year = 2002}

@book{Lee:2006,
	Address = {Cambridge, MA},
	Author = {Jaekyung Lee},
	Publisher = {The Civil Rights Project at Harvard University},
	Title = {Tracking Achievement Gaps and Assessing the Impact of {NCLB} on the Gaps: An In-Depth Look into National and State Reading and Math Outcome Trends},
	Year = 2006}

@article{Jencks:1988,
	Author = {Christopher Jencks},
	Journal = {Ethics},
	Number = 3,
	Pages = {518--533},
	Title = {Whom Must We Treat Equally for Educational Opportunity to be Equal?},
	Volume = 98,
	Year = 1988}

@article{RumbPala:2005,
	Author = {Russel W. Rumberger and Gregory J. Palardy},
	Journal = {Teachers College Record},
	Pages = {1999--2045},
	Title = {Does Segregation Still Matter? The Impact of Student Composition on Academic Achievement in High School},
	Volume = 107,
	Year = 2005}

@techreport{RumbAngu:2004,
	Address = {Santa Barbara},
	Author = {Russell W. Rumberger and Brenda Arellano Anguiano},
	Institution = {UC Latino Policy Institute},
	Title = {Understanding and Addressing the {California} {Latino} Achievement Gap in Early Elementary School},
	Type = {Working Paper 2004-01},
	Year = 2004}

@article{Angoff:1974,
	Author = {William H. Angoff},
	Journal = {College Board Review},
	Pages = {2--5},
	Title = {Criterion-referencing, norm-referencing and the {SAT}},
	Volume = 92,
	Year = 1974}

@techreport{Linn:2001,
	Address = {Los Angeles, CA},
	Author = {Robert L. Linn},
	Institution = {National Center for Research on Evaluation, Standards and Student Testing},
	Number = 3,
	Title = {Reporting School Quality in Standards-based Accountability Systems},
	Type = {{CRESST} Policy Brief},
	Year = 2001}

@unpublished{Linn:2003,
	Author = {Robert L. Linn},
	Month = {April},
	Note = {Presidential address to the annual meeting of the {American Educational Research Association}, {Chicago}, April 23, 2003},
	Title = {Accountability: Responsibility and Reasonable Expectations},
	Year = 2003}

@unpublished{Linn:2004,
	Author = {Robert L. Linn},
	Month = {July},
	Note = {Paper prepared for a forum on {No Child Left Behind} sponsored by the {Center on Education Policy}, {Washington DC}, July 28, 2004},
	Title = {Rethinking the {No Child Left Behind} Accountability System},
	Year = 2004}

@article{LissHuyn:2003,
	Author = {Robert W. Lissitz and Huynh Huynh},
	Journal = {Practical Assessment, Research \& Evaluation},
	Note = {Available online at http://edresearch.org/pare/getvn.asp?v=8\&n=10},
	Number = 10,
	Title = {Vertical Equating for State Assessments: Issues and solutions in determination of adequate yearly progress and school accountability},
	Volume = 8,
	Year = 2003}

@book{LittMill:1996,
	Address = {Cary, North Carolina},
	Author = {Ramon C. Littell and George A. Milliken and Walter W. Stroup and Russell D. Wolfinger},
	Publisher = {{SAS} Institute Inc.},
	Title = {{SAS} System for Mixed Models},
	Year = 1996}

@book{LittRubi:1985,
	Address = {New York},
	Author = {R. J. A. Little and Donald B. Rubin},
	Publisher = {Wiley},
	Title = {Statistical Analysis with Missing Data},
	Year = 1985}

@article{Little:1995,
	Author = {R. J. A. Little},
	Journal = {Journal of the American Statistical Association},
	Pages = {1112--1121},
	Title = {Modeling the Drop-out Mechanism in Repeated-measures Studies},
	Volume = 90,
	Year = 1995}

@article{Lord:1956,
	Author = {Frederic M. Lord},
	Journal = {Educational and psychological measurement},
	Pages = {421--437},
	Title = {The measurement of growth},
	Volume = 16,
	Year = {1956}}

@article{Lord:1959,
	Author = {Frederic M. Lord},
	Journal = {Educational and Psychological Measurement},
	Pages = {233-239},
	Title = {Tests of the Same Length do Have the Same Standard Error of Measurement},
	Volume = 19,
	Year = 1959}

@article{Lord:1975,
	Author = {Frederick M. Lord},
	Journal = {Psychometrika},
	Pages = {299--326},
	Title = {The `Ability' scale in item characteristic curve theory},
	Volume = 20,
	Year = 1975}

@article{StalGill:1971,
	Author = {William M. Stallings and Gerald M. Gillmore},
	Journal = {Journal of Educational Measurement},
	Number = 2,
	Pages = {127--129},
	Title = {A Note on `Accuracy' and `Precision'},
	Volume = 8,
	Year = 1971}

@article{Bross:1954,
	Author = {Irwin Bross},
	Journal = {Biometrics},
	Pages = {478--486},
	Title = {Misclassification in $2 \times 2$ Tables},
	Volume = 10,
	Year = 1954}

@article{Lord:1967,
	Author = {Frederic M. Lord},
	Journal = {Psychological Bulletin},
	Number = 5,
	Pages = {304--305},
	Title = {A Paradox in the Interpretation of Group Comparisons},
	Volume = {68},
	Year = 1967}

@article{Lord:1969,
	Author = {Frederic M. Lord},
	Journal = {Psychological Bulletin},
	Number = 5,
	Pages = {336--337},
	Title = {Statistical Adjustments When Comparing Preexisting Groups},
	Volume = {72},
	Year = 1969}

@incollection{Lord:1973,
	Address = {San Francisco},
	Author = {Frederic M. Lord},
	Booktitle = {Encyclopedia of Educational Evaluation},
	Editor = {S. B. Anderson and S. Ball and R. T. Murphy},
	Pages = {232--236},
	Publisher = {Jossey-Bass},
	Title = {Lord's Paradox},
	Year = 1973}

@incollection{Yen:2007,
	Address = {New York},
	Author = {Wendy M. Yen},
	Booktitle = {Linking and Aligning Scores and Scales},
	Editor = {Neil J. Dorans and Mary Pommerich and Paul W. Holland},
	Pages = {273--283},
	Publisher = {Springer},
	Title = {Vertical Scaling and {No Child Left Behind}},
	Year = 2007}

@book{LordNovick,
	Address = {Reading, Massachusetts},
	Author = {Frederic M. Lord and Melvin R. Novick},
	Publisher = {Ad\-di\-son-Wes\-ley},
	Title = {Statistical Theories of Mental Test Scores},
	Year = 1968}

@article{LuGray:1988,
	Author = {Tai-Fang C. Lu and Franklin A. Graybill and Richard K. Burdick},
	Journal = {Journal of Statistical Planning and Inference},
	Pages = {375--380},
	Title = {Confidence Intervals on a Difference of Expected Mean Squares},
	Volume = 18,
	Year = 1988}

@article{LukeLyon:1997,
	Author = {Luker, Jr, William and Donald Lyons},
	Journal = {Monthly Labor Review},
	Note = {Retrieved February 14, 1999 from the World Wide Web: http://stats.bls.gov/opub/mlr/1997/06/artfull.pdf},
	Pages = {12--25},
	Title = {Employment Shifts in High-technology Industries, 1988-96},
	Year = 1997}

@article{MaasSnij:2003,
	Author = {Cora J. M. Maas and Tom A. B. Snijders},
	Journal = {Quality \& Quantity},
	Pages = {71--89},
	Title = {The Multilevel Approach to Repeated Measures for Complete and Incomplete Data},
	Volume = 37,
	Year = 2003}

@article{Manzo:1996,
	Author = {Manzo, Kathleen Kennedy},
	Journal = {Black Issues in Higher Education},
	Number = 2,
	Pages = {8--9},
	Title = {California Proposes High School Academic Standards to Combat Higher Education Remediation},
	Volume = 13,
	Year = 1996}

@article{Maris:1998,
	Author = {Eric Maris},
	Journal = {Psychological Methods},
	Number = 3,
	Pages = {309--327},
	Title = {Covariance Adjustment Versus Gain Scores---Revisited},
	Volume = 3,
	Year = 1998}

@article{Markov:1906,
	Author = {Andrei. A. Markov},
	Journal = {Bulletin of the Society of the Physics Mathematics Kazan},
	Number = 2,
	Pages = {135--156},
	Title = {Extension of the Law of Large Numbers to Dependent Events},
	Volume = 15,
	Year = 1906}

@book{McCall:1922,
	Address = {New York},
	Author = {William A. McCall},
	Publisher = {Macmillan},
	Title = {How to Measure in Education},
	Year = 1922}

@techreport{McDoMcLa:1997,
	Address = {Washington, D.C.},
	Author = {L. M. McDonnell and M. J. McLaughlin and P. Morison},
	Institution = {National Academy of Education},
	Title = {Educating One and All: Students with Disabilities and Standards-Based Reform},
	Year = 1997}

@magazine{McDonald:1995,
	Author = {Stephen L. McDonald},
	Journal = {Texas Business Review},
	Month = feb,
	Pages = {1--3},
	Title = {What is a College Degree Worth?},
	Year = 1995}

@techreport{MccaLock:2003,
	Address = {Santa Monica},
	Author = {Daniel F. McCaffrey and J. R. Lockwood and Daniel M. Koretz and Laura S. Hamilton},
	Institution = {Rand Corporation},
	Title = {Evalutating Value-Added Models for Teacer Accountability},
	Type = {Report for the Carnegie Corporation},
	Year = 2003}

@article{MccaLock:2004,
	Author = {Daniel F. McCaffrey and J. R. Lockwood and Daniel Koretz and Thomas A. Louis and Laura Hamilton},
	Journal = {Journal of Educational and Behavioral Statistics},
	Number = 1,
	Pages = {67--101},
	Title = {Models for Value-Added Modeling of Teacher Effects},
	Volume = 29,
	Year = 2004}

@inproceedings{MccaLock:2008,
	Author = {McCaffrey, Daniel and Han, Bing and Lockwood, J},
	Booktitle = {National Center for Performance Incentives conference Performance Incentives: Their Growing Impact on American K-12 Education, Vanderbilt University, Nashville, TN},
	Title = {From data to bonuses: A case study of the issues related to awarding teachers pay on the basis of their students' progress},
	Year = {2008}}

@book{Merrifield:2001,
	Address = {Lanhan, MD},
	Author = {J. Merrifield},
	Publisher = {Scarecrow Press Inc.},
	Title = {The School Choice Wars},
	Year = 2001}

@book{MostTuke:1977,
	Address = {Reading, Mass.},
	Author = {Frederick Mosteller and John Tukey},
	Publisher = {Addison-Wesley},
	Title = {Data Analysis and Regression: A Second Course in Statistics},
	Year = 1977}

@article{MetrRose:1953,
	Author = {Nicholas Constantine Metropolis and Rosenbluth, A. W. and Teller, M. N. and Teller, E.},
	Journal = {Journal of Chemical Physics},
	Pages = {1087--1092},
	Title = {Equations of State Calculations by Fast Computing Machines},
	Volume = 21,
	Year = 1953}

@book{MileHube:1994,
	Address = {Thousand Oaks, CA},
	Author = {M. B. Miles and A. M. Huberman},
	Edition = {2nd},
	Publisher = {Sage Publications},
	Title = {Qualitative Data Analysis: An Expanded Sourcebook},
	Year = 1994}

@book{Mincer:1974,
	Address = {New York},
	Author = {Jacob Mincer},
	Publisher = {Columbia University Press},
	Title = {Schooling, Experience, and Earnings},
	Year = 1974}

@magazine{Mooney:1994,
	Author = {Carolyn J. Mooney},
	Day = 22,
	Journal = {The Chronicle of Higher Education},
	Month = jun,
	Pages = {A34--A37},
	Title = {The Shared Concerns of Scholars},
	Year = 1994}

@article{Moore:1990,
	Author = {Peter G. Moore},
	Journal = {Journal of the Royal Statistical Society, Series A},
	Number = 3,
	Pages = {265--285},
	Title = {The Skills Challenge of the Nineties},
	Type = {The Address of the President, delivered to The Royal Statisical Society on Wednesday, June 13th, 1990},
	Volume = 153,
	Year = 1990}

@techreport{NAE:1996,
	Address = {Stanford, CA},
	Author = {{National Academy of Education}},
	Firstkey = {National Academy of Education [NAE]},
	Institution = {National Academy of Education},
	Key = {NAE},
	Title = {Quality and Utility: The 1994 Trial State Assessment in Reading},
	Year = 1996}

@techreport{NAEP:1986,
	Address = {Princeton, NJ},
	Author = {{National Assessment of Educational Progress}},
	Firstkey = {{National Assessment of Educational Progress [NAEP]}},
	Institution = {Educational Testing Service},
	Key = {{NAEP}},
	Title = {Math Objectives 1985-86 Assessment},
	Year = 1986}

@techreport{NCEO:1999,
	Author = {Barbara Guy and Hyeonsook Shin and Sun-Young Lee and Martha L. Thurlow},
	Institution = {National Center on Educational Outcomes},
	Month = apr,
	Number = {24},
	Title = {State Graduation Requirements for Students With and Without Disabilities},
	Type = {Technical Report},
	Year = 1999}

@techreport{EPB:2004,
	Address = {Newark, Delaware},
	Author = {Audrey J. Noble},
	Institution = {University of Delaware, Education Research \& Development Center},
	Month = {May},
	Title = {Testing: Not an Exact Science},
	Type = {Education Policy Brief},
	Volume = 16,
	Year = 2004}

@techreport{NCESCONED:1997,
	Address = {Washington, D.C.},
	Author = {{National Center for Educational Statistics}},
	Firstkey = {{National Center for Educational Statistics [NCES]}},
	Institution = {U.S. Government Printing Office},
	Key = {{NCES}},
	Number = {97-388},
	Title = {The Condition of Education 1997},
	Type = {NCES},
	Year = 1997}

@techreport{NCESCONED:2000,
	Address = {Washington, D.C.},
	Author = {{National Center for Educational Statistics}},
	Firstkey = {{National Center for Educational Statistics [NCES]}},
	Institution = {U.S. Government Printing Office},
	Key = {{NCES}},
	Number = {2000-062},
	Title = {The Condition of Education 2000},
	Type = {NCES},
	Year = 2000}

@techreport{NCESHSTS:1997,
	Address = {Washington, D.C.},
	Author = {{National Center for Educational Statistics}},
	Firstkey = {{National Center for Educational Statistics [NCES]}},
	Institution = {U.S.~Department of Education, Office of Educational Research and Improvement},
	Key = {{NCES}},
	Note = {Retrieved January 21, 1998 from the World Wide Web: http://nces.ed.gov/pubs/hst94/97260.pdf},
	Number = {97-260},
	Title = {The 1994 High School Transcript Study Tabulations: Comparative Data on Credits Earned and Demographics for 1994, 1990, 1987, and 1982 High School Graduates},
	Type = {NCES},
	Year = 1997}

@techreport{NCESRemed:1996,
	Address = {Washington, D.C.},
	Author = {{National Center for Educational Statistics}},
	Firstkey = {{National Center for Educational Statistics [NCES]}},
	Institution = {U.S. Department of Education, Office of Educational Research and Improvement},
	Key = {{NCES}},
	Note = {Retrieved January 25, 1998 from the World Wide Web: http://nces.ed.gov/pubs/97584.pdf},
	Number = {97-584},
	Title = {Remedial Education at Higher Education Institutions in {F}all 1995},
	Type = {NCES},
	Year = 1996}

@manual{NCEST:1992,
	Address = {Washington, D.C.},
	Month = {January},
	Organization = {The National Council on Education Standards and Testing},
	Title = {Raising Standards for American Education},
	Year = 1992}

@literal{NCLB:2002,
	Firstkey = {{No Child Left Behind Act of 2001 (NCLB)}},
	Key = {{NCLB}},
	Text = {No Child Left Behind Act of 2001, Public Law No.~107-110, 115 Stat.~1425.},
	Year = 2002}

@manual{NCTMAS:1995,
	Address = {Reston, Virgina},
	Key = {Assessment Standards},
	Month = {May},
	Organization = {The National Council of Teachers of Mathematics, Inc.},
	Title = {Assessment Standards for School Mathematics},
	Year = 1995}

@incollection{NRC:1999,
	Address = {Washington DC},
	Author = {{National Research Council}},
	Booktitle = {Testing, Teaching, and Learning: A Guide for States and School Districts},
	Editor = {R. Elmore and R. Rothman},
	Firstkey = {{National Research Council (NRC)}},
	Key = {{NRC}},
	Pages = {91--101},
	Publisher = {National Academy Press},
	Title = {Accountability},
	Year = 1999}

@techreport{NSFISME:1996,
	Address = {Arlington, VA},
	Author = {{National Science Foundation}},
	Firstkey = {{National Science Foundation [NSF]}},
	Institution = {Division of Research, Evaluation, and Communication, Directorate for Education and Human Resources},
	Key = {{NSF}},
	Number = {96-52},
	Title = {Indicators of Science and Mathematics Education 1995},
	Type = {NSF},
	Year = 1996}

@techreport{NSFSEM:1993,
	Address = {Arlington, VA},
	Author = {Kenneth M. Brown},
	Institution = {National Science Foundation, Division of Science Resources Studies},
	Note = {Retrieved January 17, 1998 from the World Wide Web: \url{http://www.nsf.gov.sbe/srs/fccset/pdfstart.pdf}},
	Title = {Report of the Ad Hoc Working Group on the Supply of Science, Engineering and Mathematics {(SEM)} Professionals},
	Type = {Report posted on the World Wide Web},
	Year = 1993}

@techreport{NSFUNGRAD:1996,
	Address = {Arlington, VA},
	Author = {{National Science Foundation}},
	Firstkey = {{National Science Foundation [NSF]}},
	Institution = {Division of Science Resources Studies, Directorate for Social, Behavioral and Economic Sciences},
	Key = {{NSF}},
	Note = {Retrieved January 14, 1997 from the World Wide Web: http://www.nsf.gov/sbe/srs/nsf96334/pdfstart.htm},
	Number = {96-334},
	Title = {Undergraduate Origins of Recent (1991-95) Science and Engineering Doctorate Recipients},
	Type = {NSF},
	Year = 1996}

@article{Nanda:1993,
	Author = {Ratna Nandakumar and William F. Stout},
	Journal = {Journal of Education Statistics},
	Pages = {41-68},
	Title = {Refinements of {S}tout's Procedure for Assessing Latent Trait Unidimensionality},
	Volume = 18,
	Year = 1993}

@article{Nanda:1994,
	Author = {Ratna Nandakumar},
	Journal = {Journal of Educational Measurement},
	Pages = {17-35},
	Title = {Assessing Dimensionality of a Set of Item Responses -- Comparison of Different Approaches},
	Volume = 31,
	Year = 1994}

@techreport{NationRisk:1983,
	Address = {Washington, DC},
	Author = {{National Commission on Excellence in Education}},
	Firstkey = {{National Commission on Excellence in Education [NCEE]}},
	Institution = {U.S. Government Printing Office},
	Key = {{NCEE}},
	Title = {A Nation at Risk: The Imperative for Educational Reform},
	Year = {1983}}

@article{NewmWehl:1993,
	Author = {Fred M. Newmann and Gary G. Wehlage},
	Journal = {Educational Leadership},
	Note = {Available online at \url{http://pdonline.ascd.org/pd_online/diffinstr/el199304_newmann.html}},
	Number = 7,
	Title = {Five Standards of Authentic Instruction},
	Volume = 50,
	Year = 1993}

@book{Nicholson:2004,
	Address = {Boston},
	Author = {S. Nicholson},
	Publisher = {New Riders Publishing},
	Title = {Dreamweaver {MX} 2004 and databases},
	Year = 2004}

@book{Peterson:2006,
	Address = {Lanham, MD},
	Editor = {P. E. Peterson},
	Publisher = {Rowman \& Littlefield},
	Title = {Generational change: Closing the test score gap},
	Year = 2006}

@techreport{NoblSawy:1987,
	Address = {Iowa City},
	Author = {Julie P. Sawyer and Richard L. Sawyer},
	Institution = {American College Testing Program},
	Number = {87-20},
	Title = {Predicting Grades in Specific College Freshman Courses from {ACT} Test Scores and Self-reported High School Grades},
	Type = {{ACT} Research Report Series},
	Year = 1987}

@techreport{NoblSawy:1991,
	Address = {Iowa City},
	Author = {Julie P. Noble and Richard L. Sawyer},
	Institution = {American College Testing Program},
	Number = {91-3},
	Title = {Predicting College Grades from {ACT} Assessment Scores and High School Coursework and Grade Information},
	Type = {{ACT} Research Report Series},
	Year = 1991}

@techreport{OTA:1992,
	Address = {Washington DC},
	Author = {{Office of Technology Assessment}},
	Institution = {U.S. Government Printing Office},
	Number = {OTA-SET-519},
	Title = {Testing in {American} Schools: Asking the Right Questions},
	Year = 1992}

@article{OconMorr:1997,
	Author = {Wendy E. O'Connor and Todd G. Morrison},
	Journal = {Studies in Educational Evaluation},
	Number = 3,
	Pages = {201--207},
	Title = {Do Remedial Mathematics Programmes Improve Students' Mathematical ability?},
	Volume = 23,
	Year = 1997}

@techreport{OlsoGold:1997,
	Address = {Washington, D.C.},
	Author = {J. F. Olson and A. A. Goldstein},
	Institution = {U.S. Department of Education},
	Title = {The Inclusion of Students with Disability and Limited English Proficient Students in Large-Scale Assessments: A Summary of Recent Progress},
	Year = 1997}

@incollection{OrloOlso:2001,
	Address = {Bethesda, MD},
	Author = {G. F Orlofsky and L. Olson},
	Booktitle = {Quality County 2001: A Better Balance},
	Number = 17,
	Pages = {86--88},
	Publisher = {Education Week},
	Title = {The State of the States},
	Volume = 20,
	Year = 2001}

@article{OterPere:2005,
	Author = {Valerie Otero and Dominic Peressini and Kirstin {Anderson Meymaris} and Pamela Ford},
	Journal = {Journal of Teacher Education},
	Month = {January/February},
	Number = 1,
	Pages = {8--23},
	Title = {Integrating Technology into Teacher Education: A Critical Framework for Implementing Reform},
	Volume = 56,
	Year = 2005}

@techreport{PASSPr:1997,
	Address = {Eugene, OR},
	Author = {{Oregon State System of Higher Education}},
	Firstkey = {{Oregon State System of Higher Education [OSSHE]}},
	Institution = {PASS Project Office of Academic Affairs},
	Key = {{OSSHE}},
	Note = {Retrieved January 15, 1998 from the World Wide Web: http://pass-osshe.uoregon.edu/},
	Title = {Mathematics Proficiency Standards},
	Year = 1997}

@manual{PRI:1984,
	Address = {Monterey, California},
	Key = {PRI1984},
	Organization = {CTB/McGraw-Hill},
	Title = {{P}{R}{I} Reading Systems: Technical Report},
	Year = 1984}

@magazine{Packer:1999,
	Author = {Arnold Packer},
	Journal = {Phi Delta Kappan},
	Month = may,
	Title = {Bracey's Applesauce},
	Year = 1999}

@unpublished{PeteHowe:2002,
	Author = {Paul E. Peterson and William G. Howell},
	Month = {May},
	Note = {Hoover Institution Weekly Series, available on-line at \url{http://www-hoover.stanford.edu/pubaffairs/we/2002/peterson_0602.html}},
	Title = {School Choice: A Civil Rights Issue},
	Year = {2002}}

@techreport{Phipps:1998,
	Address = {Washington, D.C.},
	Author = {Ronald Phipps},
	Institution = {The Institute for Higher Education Policy},
	Month = {December},
	Note = {Retrieved January 20, 2000 from the World Wide Web: http://www.ihep.com/Remediation.pdf},
	Title = {College Remediation},
	Year = 1998}

@book{PinhBate:2000,
	Address = {New York},
	Author = {Jos\'{e} C. Pinheiro and Douglas M. Bates},
	Publisher = {Springer},
	Title = {Mixed-Effects Models in {S} and {S-PLUS}},
	Year = 2000}

@incollection{Popham:1997,
	Address = {Thousand Oaks, CA},
	Author = {James Popham},
	Booktitle = {Grade teachers, grading schools. {Is} student achievement a valid evaluation measure?},
	Editor = {Jason Millman},
	Pages = {264--274},
	Publisher = {Corwin Press, Inc.},
	Title = {The moth and the flame: Student learning as a criterion of instructional competence},
	Year = 1997}

@article{Popham:2004,
	Author = {James Popham},
	Journal = {Education Week},
	Month = {May 26},
	Number = 23,
	Pages = 40,
	Title = {Shaping up the {`No Child' Act}: Is edge-softening enough?},
	Volume = 38,
	Year = 2004}

@techreport{Pritchett:1999,
	Author = {Lant Pritchett},
	Institution = {The World Bank},
	Title = {Where Has All the Education Gone?},
	Year = 1999}

@article{R:1996,
	Author = {Ross Ihaka and Robert Gentleman},
	Journal = {Journal of Computational and Graphical Statistics},
	Number = 3,
	Pages = {299-314},
	Title = {R: A Language for Data Analysis and Graphics},
	Volume = 5,
	Year = 1996}

@article{RadePier:1991,
	Author = {M. L. Radelet and G. L. Pierce},
	Journal = {Florida Law Review},
	Pages = {1--34},
	Title = {Race and the Death Penalty in {Florida}},
	Volume = 43,
	Year = 1991}

@article{RogoBran:1982,
	Author = {David R. Rogosa and David Brandt and Michelle Zimowski},
	Journal = {Psychological Bulletin},
	Pages = {716--748},
	Title = {A Growth Curve Approach to the Measurement of Change},
	Volume = 92,
	Year = 1982}

@incollection{Rogosa:1988,
	Address = {New York},
	Author = {David R. Rogosa},
	Booktitle = {Methodological Issues in Aging Research},
	Editor = {K. W. Schaie and R. T. Campbell and W. M. Meredith and S. C. Rawlings},
	Pages = {171--209},
	Publisher = {Springer},
	Title = {Myths about longitudinal research},
	Year = 1988}

@book{Raj:1968,
	Address = {New York},
	Author = {Des Raj},
	Publisher = {McGraw-Hill},
	Title = {Sampling Theory},
	Year = 1968}

@book{Rao:1973,
	Address = {New York},
	Author = {C. R. Rao},
	Edition = {2nd},
	Publisher = {John Wiley},
	Title = {Linear Statistical Inference and Its Applications},
	Year = {1973}}

@article{Rao:1965,
	Author = {C. R. Rao},
	Journal = {Biometrika},
	Pages = {447--458},
	Title = {The theory of least squares when the parameters are stochastic and its application to the analysis of growth curves},
	Volume = 52,
	Year = 1965}

@misc{RasbBrow:2000,
	Address = {London},
	Author = {Jon Rasbash and William Browne and Harvey Goldstein and Min Yang},
	Publisher = {Institute of Education},
	Title = {A User's Guide to {MLwiN}},
	Type = {Computer program, version 1.10.0007},
	Year = {2000}}

@misc{Vermunt:1997,
	Address = {Tilburg, The Netherlands},
	Author = {Jeroen K. Vermunt},
	Publisher = {Department of Methodology and Statistics, Tilburg University},
	Title = {{LEM}: A General Program for the Analysis of Categorical Data},
	Type = {Computer program, version 1.0},
	Year = 1997}

@misc{LinzLewi:2006,
	Author = {Drew A. Linzer and Jeffrey Lewis},
	Note = {Available online from \url{http://dlinzer.bol.ucla.edu/poLCA}},
	Title = {{poLCA}: Polytomous Variable Latent Class Analysis},
	Type = {Computer program, version 0.9},
	Year = 2006}

@book{RaudBryk:2002,
	Address = {Newbury Park, CA},
	Author = {Stephen W. Raudenbush and Anthony S. Bryk},
	Edition = {2nd},
	Publisher = {Sage},
	Title = {Hierarchical Linear Models},
	Year = 2002}

@article{RaudWill:1995,
	Author = {S. W. Raudenbush and J. D. Willms},
	Journal = {Journal of Educational and Behavioral Statistics},
	Number = 4,
	Pages = {307--335},
	Title = {The estimation of school effects},
	Volume = 20,
	Year = 1995}

@article{Raudenbush:2004,
	Author = {Stephen W. Raudenbush},
	Journal = {Journal of Educational and Behavioral Statistics},
	Number = 1,
	Pages = {121--129},
	Title = {What are Value-Added Models Estimating and what does this Imply for Statistical Practice?},
	Volume = 29,
	Year = 2004}

@article{Ballou:2004,
	Author = {Dale Ballou},
	Journal = {Journal of Educational and Behavioral Statistics},
	Number = 1,
	Pages = {131--137},
	Title = {Rejoinder},
	Volume = 29,
	Year = 2004}

@article{Schwartz:1985,
	Author = {Joseph E. Schwartz},
	Journal = {Sociological Methods \& Research},
	Number = 4,
	Pages = {435--466},
	Title = {The Neglected Problem of Measurement Error in Categorical Data},
	Volume = 13,
	Year = 1985}

@article{RearYun:2002,
	Author = {S. Reardon and J. Yun},
	Journal = {Harvard Civil Rights Project},
	Title = {Private School Racial Enrollments and Segregation},
	Year = 2002}

@article{Reckase:1979,
	Author = {M. D. Reckase},
	Journal = {Journal of Educational Statistics},
	Pages = {207-230},
	Title = {Unifactor Latent Trait Models Applied to Multifactor Tests: Results and Implications},
	Volume = 4,
	Year = 1979}

@article{Reckase:2006,
	Author = {Mark D. Reckase},
	Journal = {Educational Measurement: Issues and Practice},
	Number = 3,
	Pages = {4--18},
	Title = {A Conceptual Framework for a Psychometric Theory for Standard Setting with Examples of its use for Evaluating the Functioning of Two Standard Setting Methods},
	Volume = 25,
	Year = 2006}

@incollection{ResRes:1992,
	Address = {Boston},
	Author = {Resnick, L. B. and Resnick, D. P.},
	Booktitle = {Changing Assessments: Alternative Views of Aptitude, Achievement and Instruction},
	Editor = {Gifford, B. R. and O'Connor, M. C.},
	Publisher = {Kluwer Academic Publishers},
	Title = {Assessing the Thinking Curriculum: New Tools For Educational Reform},
	Year = 1992}

@unpublished{Richards:2001,
	Author = {Lyn Richards},
	Howpublished = {Internal Technical Report},
	Note = {Available on at \url{http://www.qsrinternational.com/resources/PDFs/IntQualQuant.pdf}},
	Organization = {{QSR} Internation Pty Ltd.},
	Title = {Integrating Data: Can Qualitative Software Do It},
	Year = 2001}

@unpublished{Riley:1998,
	Author = {Richard W. Riley},
	Day = 8,
	Howpublished = {Transcript of speech presented by the U.S. Secretary of Education to the Conference of the American Mathematical Society and Mathematical Association of America.},
	Month = jan,
	Note = {Retrieved January 12, 1998 from the World Wide Web: \url{http://www.ed.gov/Speeches/01-1998/980108.html}},
	Title = {The State of Mathematics Education: Building a Strong Foundation for the 21st Century},
	Type = {Transcript posted on the World Wide Web},
	Year = 1998}

@unpublished{Edley:2006,
	Author = {Christopher Edley},
	Day = 10,
	Month = apr,
	Note = {Retrieved June 22, 2006 from the World Wide Web: \url{http://www.softconference.com/MEDIA/WMP/260407/\#43.010}},
	Title = {Educational {`Opportunity"} is the highest civil rights priority. {So} what should researchers and lawyers do about it?},
	Type = {Video of speech with slides posted on the World Wide Web},
	Year = {2006}}

@unpublished{RivkHanu:2002,
	Author = {Steven G. Rivkin and Eric A. Hanushek and John F. Kain},
	Howpublished = {article pre-print},
	Note = {Available online at \url{http://edpro.stanford.edu/eah/down.htm#basic}},
	Title = {Teachers, Schools and Academic Achievement},
	Year = {2002}}

@unpublished{RossLeis:2003,
	Author = {Anthony Rossini and Friedrich Leisch},
	Month = {March},
	Note = {UW Biostatistics Working Paper Series \# 194},
	Title = {Literate Statistical Practice},
	Url = {http://www.bepress.com/uwbiostat/paper194},
	Year = 2003,
	Bdsk-Url-1 = {http://www.bepress.com/uwbiostat/paper194}}

@incollection{Rothstein:1999,
	Address = {Washington, DC},
	Author = {L. Rothstein},
	Booktitle = {School Choice and Social Controversy: Politics, Policy and Law},
	Editor = {S. Sugarman and F. Kremerer},
	Pages = {332--364},
	Publisher = {Brookings Institution Press},
	Title = {School Choice and Students with Disabilities},
	Year = 1999}

@book{Rothstein:2004,
	Address = {New York},
	Author = {R. Rothstein},
	Publisher = {Teachers College Press},
	Title = {Using social, economic, and educational reform to close the black-white achievement gap},
	Year = 2004}

@techreport{RowaCorr:2002,
	Address = {Philadelphia, PA},
	Author = {Brian Rowan and Richard Correnti and Robert J. Miller},
	Institution = {Consortium for Policy Research in Education (CPRE)},
	Title = {What Large-Scale Survey Research Tells Us About Teacher Effects on Student Achievement: Insights from the Prospects Study of Elementary Schools},
	Year = 2002}

@article{Rozn:1991,
	Author = {M. A. Roznowskip and L. R. Tucker and L. G. Humphreys},
	Journal = {Applied Psychological Measurement},
	Pages = {109-128},
	Title = {Three Approaches to Determining the Dimensionality of Binary Data},
	Volume = 15,
	Year = 1991}

@article{RubiStua:2004,
	Author = {Donald B. Rubin and Elizabeth A. Stuart and Elaine L. Zanutto},
	Journal = {Journal of Educational and Behavioral Statistics},
	Number = 1,
	Pages = {103--116},
	Title = {A Potential Outcomes View of Value-Added Assessment in Education},
	Volume = 29,
	Year = 2004}

@manual{SAS:1990,
	Author = {{SAS}},
	Edition = {6th},
	Title = {{SAS/STAT} {U}ser's {G}uide, {V}olume 2},
	Year = 1990}

@techreport{SEI:2000,
	Address = {Arlington, VA},
	Author = {{National Science Foundation}},
	Firstkey = {{National Science Foundation (NSF)}},
	Institution = {Division of Science Resource Studies},
	Key = {{NSF}},
	Number = {00-1},
	Title = {National Science Board, Science and Engineering Indicators--2000},
	Type = {NSB},
	Year = 2000}

@techreport{SRSOK:1993,
	Address = {Oklahoma City, OK},
	Author = {{Oklahoma State Regents for Higher Education}},
	Firstkey = {{Oklahoma State Regents for Higher Education [OSRHE]}},
	Institution = {OSRHE},
	Key = {{OSRHE}},
	Note = {ERIC Document Reproduction Service No. ED 364 297},
	Title = {Student Remediation Study},
	Year = 1993}

@incollection{SandSaxt:1997,
	Address = {Thousand Oaks, CA},
	Author = {William L. Sanders and Arnold M. Saxton and Sandra P. Horn},
	Booktitle = {Grading Teachers, Grading Schools: Is Student Achievement a Valid Evaluation Measure?},
	Editor = {Jason Millman},
	Pages = {137--162},
	Publisher = {Corwin Press, Inc.},
	Title = {The {Tennessee} Value-Added Assessment System: A Quantitative Outcomes-Based Approach to Educational Assessment},
	Year = 1997}

@article{SarnSwen:1987,
	Author = {Carl-Erik S\"{a}rndal and Bengt Swensson},
	Journal = {International Statistical Review},
	Number = 3,
	Pages = {279--294},
	Title = {A General View of Estimation for Two Phases of Selection with Applications to Two-Phase Sampling and Nonresponse},
	Volume = 55,
	Year = 1987}

@article{Satterthwaite:1941,
	Author = {Satterthwaite, F. E.},
	Journal = {Psychometrika},
	Pages = {309--316},
	Title = {Synthesis of Variance},
	Volume = 6,
	Year = 1941}

@article{Satterthwaite:1946,
	Author = {Satterthwaite, F. E.},
	Journal = {Biometrics Bulletin},
	Pages = {110-114},
	Title = {An Approximate Distribution of Estimates of Variance Components},
	Volume = 2,
	Year = 1946}

@article{Sawyer:1996,
	Author = {Richard L. Sawyer},
	Journal = {Journal of Educational Measurement},
	Number = 3,
	Pages = {271--290},
	Title = {Decision Theory Models for Validating Course Placement Tests},
	Volume = 33,
	Year = 1996}

@book{SchmMckn:1999,
	Address = {Boston},
	Author = {William H. Schmidt and Curtis C. McKnight and Leland S. Cogan and Pamela M. Jakwerth and Richard T. Houang},
	Publisher = {Kluwer Academic Publishers},
	Title = {Facing the Consequences: Using {TIMSS} for a Closer Look at {U.S.} Mathematics and Science Education},
	Year = 1999}

@book{Gutmann:1999,
	Address = {Princeton, N.J.},
	Author = {Amy Gutmann},
	Publisher = {Princeton University Press},
	Title = {Democratic Education},
	Year = 1999}

@book{SchnTesk:2000,
	Address = {Princeton, NJ},
	Author = {M. Schneider and P. Teske and M. Marschall},
	Publisher = {Princeton University Press},
	Title = {Choosing Schools: Parents, School Choice, and the Quality of {American} Schools},
	Year = 2000}

@article{SchuBete:2004,
	Author = {E. M Schulz and Damian W. Betebenner},
	Journal = {Journal of Educational Measurement},
	Number = 4,
	Pages = {271--286},
	Title = {Hierarchical Logistic Regression},
	Volume = 41,
	Year = {2004}}

@unpublished{SchuBogn:1999,
	Author = {Matthew Schulz and Matt Bogner and Imad Benjelloun},
	Note = {Class project paper},
	Title = {A {G}ibbs-sampling-based, Hierarchical Logistic Regression Analysis of Course Placement Data},
	Type = {Class project paper},
	Year = 1999}

@book{Schultz:1963,
	Address = {New York},
	Author = {Theodore William Schultz},
	Publisher = {Columbia University Press},
	Title = {The Economic Value of Education},
	Year = 1963}

@book{Searle:1971,
	Address = {New York},
	Author = {Searle, S. R.},
	Publisher = {Wiley},
	Title = {Linear Models},
	Year = 1971}

@article{Greenland:1988,
	Author = {Sander Greenland},
	Journal = {Statistics in Medicine},
	Pages = {745--757},
	Title = {Variance Estimation for Epidemiologic Effect Estimates Under Misclassification},
	Volume = 7,
	Year = 1988}

@article{Selen:1986,
	Author = {Jan Sel\'{e}n},
	Journal = {Journal of the American Statistical Association},
	Month = mar,
	Number = 393,
	Pages = {75--81},
	Title = {Adjusting for Errors in Classification and Measurement in the Analysis of Partly and Purely Categorical Data},
	Volume = 81,
	Year = 1986}

@magazine{Selingo:1998,
	Author = {Jeffrey Selingo},
	Day = 2,
	Month = feb,
	Pages = {A10},
	Title = {Remedial Courses in {CUNY} 2-Year Colleges Would be Privatized Under {G}iuliani Plan},
	Year = 1998}

@book{Seneta:1981,
	Address = {New York},
	Author = {E. Seneta},
	Edition = {2nd},
	Publisher = {Springer},
	Title = {Nonnegative Matrices and {Markov} Chains},
	Year = 1981}

@book{SeymHewi:1997,
	Address = {Boulder, CO},
	Author = {Elaine Seymour and Nancy M. Hewitt},
	Publisher = {Westview Press},
	Title = {Talking About Leaving: Why Undergraduates Leave the Sciences},
	Year = 1997}

@article{Shepard:1991,
	Author = {Shepard, Lorrie A.},
	Journal = {Educational Researcher},
	Month = {October},
	Number = 7,
	Pages = {2--16},
	Title = {Psychometricians' Beliefs About Learning},
	Volume = 20,
	Year = 1991}

@intechreport{Shepard:1995,
	Address = {Los Angeles},
	Author = {Lorrie A. Shepard},
	Booktitle = {Institutional Grant Proposal for {OERI} Center on Improving Student Assessment and Educational Accountability: Integrated Assessment Systems for Policy and Practice: Validty, Fairness, Credibility, and Utility},
	Editor = {E. L. Baker},
	Institution = {Center for Research on Evaluation, Standards, and Student Testing},
	Title = {Assessment of Language-Minority Students},
	Year = 1995}

@lecture{Shepard:1996,
	Author = {Lorrie A. Shepard},
	Howpublished = {Presentation made at CRESST Assessment Conference, UCLA},
	Title = {Research Framework for Investigating Accommodations for Language-Minority Students},
	Year = 1996}

@unpublished{Shepardson:1996,
	Author = {Shepardson, D. P. and Adams, P. E.},
	Month = {March},
	Note = {Presented at the National Association for Research in Science Teaching},
	Title = {Perspectives on Assessment in Science: Voices From The Field},
	Year = 1996}

@intechreport{SilvKenn:1992,
	Address = {Stanford, CA},
	Author = {Edward A. Silver and Patricia Ann Kenney and Leslie Salmon-Cox},
	Booktitle = {Assessing Student Achievement in the States: {B}ackground Studies},
	Institution = {National Academy of Education},
	Title = {The Content and Curricular Validity of the 1990 NAEP Mathematics Items: {A} Retrospective Analysis},
	Year = 1992}

@book{SingWill:2003,
	Address = {New York},
	Author = {Judith D. Singer and John B. Willett},
	Publisher = {Oxford University Press},
	Title = {Applied Longitudinal Data Analysis},
	Year = 2003}

@article{Singer:1998,
	Author = {Judith D. Singer},
	Journal = {Journal of Educational and Behavioral Statistics},
	Number = 4,
	Pages = {323--355},
	Title = {Using {SAS PROC MIXED} to Fit Multilevel Models, Hierarchical Models, and Individual Growth Models},
	Volume = 24,
	Year = 1998}

@article{Willett:1988,
	Author = {John B. Willett},
	Journal = {Review of Reserach in Education},
	Pages = {345--422},
	Title = {Questions and Answers in the Measurement of Change},
	Volume = 15,
	Year = 1988}

@incollection{Singer:2002,
	Address = {Mahwah, NJ},
	Author = {Judity D. Singer},
	Booktitle = {Modeling Intraindividual Variability with Repeated Measures Data},
	Editor = {D. S. Moskowitz and Scott L. Hershberger},
	Pages = {135--170},
	Publisher = {Lawrence Erlbaum Associates},
	Title = {Fitting Individual Growth Models Using {SAS PROC MIXED}},
	Year = 2002}

@article{SmitScol:1995,
	Author = {Marshall S. Smith and Brett Scoll},
	Journal = {Teachers College Record},
	Number = 3,
	Pages = {1--16},
	Title = {The {C}linton human Capital Agenda},
	Volume = 96,
	Year = 1995}

@article{Smith:1936,
	Author = {Smith, H. F.},
	Journal = {Journal of the Council of Scientific and Industrial Research},
	Pages = {211--212},
	Title = {The Problem of Comparing the Results of Two Experiments with Unequal Errors},
	Volume = 9,
	Year = 1936}

@unpublished{Smith:1975,
	Author = {Smith, A. H.},
	Note = {Unpublished doctoral dissertation, University of Cincinnati, Cincinnati},
	Title = {A Multivariate Study of Factor Analyzed Predictors of Death Anxiety in College Students},
	Year = 1975}

@unpublished{Poulson:1982,
	Author = {C. S. Poulson},
	Note = {Unpublished doctoral dissertation, University of Pennsylvania},
	Title = {Latent Structure Analysis with Choice Modeling Applications},
	Year = 1982}

@unpublished{Wei:2004,
	Author = {Ying Wei},
	Note = {Unpublished doctoral dissertation, University of Illinois, Urbana-Champaign},
	Title = {Longitudinal Growth Charts Based on Semi-parametric Quantile Regression},
	Year = 2004}

@article{Smith:1978,
	Author = {Smith, Philip L.},
	Journal = {Journal of Educational Statistics},
	Number = 4,
	Pages = {319--346},
	Title = {Sampling Errors of Variance Components in Small Sample Multifacet Generalizability Studies},
	Volume = 3,
	Year = 1978}

@book{SnedCoch:1946,
	Address = {Ames, IA},
	Author = {George W. Snedecor and William G. Cochran},
	Publisher = {Iowa State University Press},
	Title = {Statistical Methods},
	Year = 1946}

@book{SnedCoch:1967,
	Address = {Ames, IA},
	Author = {George W. Snedecor and William G. Cochran},
	Edition = {6th},
	Publisher = {Iowa State University Press},
	Title = {Statistical Methods},
	Year = 1967}

@book{SnijBosk:1999,
	Address = {Thousand Oaks, CA},
	Author = {Tom Snijders and Roel Bosker},
	Publisher = {Sage Publications},
	Title = {Multilevel Analysis},
	Year = 1999}

@intechreport{StanAlle:1996,
	Address = {Stanford, CA},
	Author = {F. Stancavage and J. Allen and C. Godlewski},
	Booktitle = {Quality and Utility: The 1994 Trial State Assessment in Reading},
	Institution = {National Academy of Education},
	Title = {Study of Exclusion and Assessability of Students with Limited English Proficiency in the 1994 Trial State Assessment of the National Assessment of Educational Progress},
	Year = 1996}

@book{Steen:1990,
	Address = {Washington, D.C.},
	Editor = {Steen, Lynn Arthur},
	Publisher = {National Academy Press},
	Title = {On the Shoulders of Giants: new approaches to numeracy},
	Year = 1990}

@book{Strang:1980,
	Address = {New York},
	Author = {Gilbert Strang},
	Edition = {2nd},
	Publisher = {Harcourt Brace Jovanovich},
	Title = {Linear Algebra and its Applications},
	Year = 1980}

@book{Strike:1982,
	Address = {Chicago},
	Author = {Kenneth Strike},
	Publisher = {University of Illinois Press},
	Title = {Educational Policy and the Just Society},
	Year = 1982}

@article{StevFeat:1981,
	Author = {G. Stevens and D. L. Featherman},
	Journal = {Social Science Research},
	Number = 4,
	Pages = {364--395},
	Title = {A Revised Socioeconomic Index of Occupational Status},
	Volume = 10,
	Year = 1981}

@article{Cochran:1968,
	Author = {William G. Cochran},
	Journal = {Technometrics},
	Number = 4,
	Pages = {637--666},
	Title = {Errors of Measurement in Statistics},
	Volume = 10,
	Year = 1968}

@article{Stiggins:1989,
	Author = {Stiggins, Richard J. and Frisbie, David A. and Griswold, Philip A.},
	Journal = {Educational Measurement: Issues and Practice},
	Month = {Summer},
	Number = 2,
	Pages = {5--14},
	Title = {Inside High School Grading Practices: Building a Research Agenda},
	Volume = 8,
	Year = 1989}

@unpublished{Stone:2002,
	Author = {John E. Stone},
	Month = {May},
	Note = {Available online at \url{http://www.education-consumers.com/briefs/stoneNBPTS.shtm}},
	Title = {The Value-Added Achievement Gains of NBPTS-Certified Teachers in Tennessee: A Brief Report},
	Year = {2002}}

@article{Stout:1987,
	Author = {William F. Stout},
	Journal = {Psychometrika},
	Pages = {589-617},
	Title = {A Nonparametric Approach for Assessing Latent Trait Unidimensionality},
	Volume = 52,
	Year = 1987}

@article{Stout:1990,
	Author = {William F. Stout},
	Journal = {Psychometrika},
	Pages = {293-326},
	Title = {A New Item Response Theory Modeling Approach With Applications to Unidimensional Assessment and Ability Estimation},
	Volume = 55,
	Year = 1990}

@manual{Quantreg:2006,
	Author = {Roger Koenker},
	Note = {R package version 3.89},
	Title = {quantreg: Quantile Regression},
	Url = {http://www.r-project.org},
	Year = {2006},
	Bdsk-Url-1 = {http://www.r-project.org}}

@manual{SweaveSoftware,
	Author = {Friedrich Leisch},
	Title = {Sweave User Manual},
	Year = {2005}}

@inproceedings{Sympson:1978,
	Address = {Minneppolis, Minnesota},
	Author = {J. B. Sympson},
	Booktitle = {Proceedings of the 1977 Computerized Adaptive Testing Conference},
	Editor = {D. J. Weiss},
	Pages = {82-98},
	Publisher = {University of Minnesota, Department of Psychology, Computerized Adaptive Testing Laboratory},
	Title = {A Model for Testing With Multidimensional Items},
	Year = 1978}

@book{TashTedd:1998,
	Address = {Thousand Oaks, CA},
	Author = {A. Tashakkori and C. Teddlie},
	Publisher = {Sage Publications},
	Title = {Mixed Methodology: Combining Qualitative and Quantitative Approaches},
	Year = 1998}

@book{TashTedd:2002,
	Address = {Thousand Oaks, CA},
	Editor = {A. Tashakkori and C. Teddlie},
	Publisher = {Sage Publications},
	Title = {Handbook of Mixed Methods in Social and Behavioral Research},
	Year = 2002}

@article{Terwilliger:1989,
	Author = {Terwilliger, James S.},
	Journal = {Educational Measurement: Issues and Practice},
	Month = {Summer},
	Number = 2,
	Pages = {15--19},
	Title = {Classroom Standard Setting and Grading Practices},
	Volume = 8,
	Year = 1989}

@book{Thorndike:1904,
	Address = {New York},
	Author = {Edward L. Thorndike},
	Publisher = {The Science Press},
	Title = {Theory of Mental and Social Measurements},
	Year = 1904}

@techreport{Thum:2002,
	Address = {Santa Monica, CA},
	Author = {Yeow Meng Thum},
	Institution = {Milken Family Foundation},
	Note = {Available online at \url{http://www.mff.org/publications/publications.taf}},
	Title = {Measuring Progress Toward a Goal: Estimating teacher productivity using a multivariate multilevel model for value-added analysis},
	Year = 2002}

@techreport{Thum:2003,
	Address = {Los Angeles},
	Author = {Yeow Meng Thum},
	Institution = {National Center for Research on Evaluation, Standards, and Student Testing},
	Note = {CSE Technical Report 590},
	Title = {{No Child Left Behind}: Methodological challenges and recommendations for measuring adequate yearly progress},
	Year = 2003}

@techreport{YounYoon:1998,
	Address = {Los Angeles},
	Author = {Michael James Young and Bokhee Yoon},
	Institution = {National Center for Research on Evaluation, Standards, and Student Testing},
	Note = {CSE Technical Report 475},
	Title = {Estimating the Consistency and Accuracy of Classifications in a Standards-Referenced Assessment},
	Year = 1998}

@article{Thum:2003b,
	Author = {Yeow Meng Thum},
	Journal = {Sociological Methods and Research},
	Number = {2},
	Pages = {153--207},
	Title = {Measuring Progress towards a Goal: Estimating Teacher Productivity using a Multivariate Multilevel Model for Value-Added Analysis},
	Volume = {32},
	Year = {2003}}

@article{TingBurd:1989,
	Author = {Naitee Ting and Richard K. Burdick and Franklin A. Graybill and Rongde Gui},
	Journal = {Statistics and Probability Letters},
	Number = 2,
	Pages = {129--135},
	Title = {One-Sided Confidence Intervals on Nonnegative sums of variance components},
	Volume = 8,
	Year = 1989}

@article{TingBurd:1990,
	Author = {Naitee Ting and Richard K. Burdick and Franklin A. Graybill and S. Jeyaratnam and Tai-Fang C. Lu},
	Journal = {Journal of Statistical Computation and Simulation},
	Pages = {135-143},
	Title = {Confidence Intervals on Linear Combinations of Variance Components That Are Unrestricted in Sign},
	Volume = 35,
	Year = 1990}

@incollection{Traub:1983,
	Address = {British Columbia},
	Author = {R. E. Traub},
	Booktitle = {Applications of Item Response Theory},
	Editor = {R. K. Hambleton},
	Publisher = {Educational Research Institute of British Columbia},
	Title = {A Priori Considerations in Choosing an Item Response Model},
	Year = 1983}

@magazine{Traub:1994,
	Author = {James Traub},
	Day = 19,
	Journal = {The New Yorker},
	Month = sep,
	Pages = {pp. 76-90},
	Title = {Class Struggle},
	Year = 1994}

@techreport{USBC:1998,
	Address = {Washington, D.C.},
	Author = {{U.S.~Bureau of the Census}},
	Firstkey = {{U.S.~Bureau of the Census [USBC]}},
	Institution = {Bureau of the Census},
	Key = {{USBC}},
	Number = {P60-200},
	Title = {Money Income in the United States: 1997 (With Separate Data on Valuation of Noncash Benefits)},
	Year = 1998}

@magazine{Uhland:2000,
	Author = {Vicky Uhland},
	Day = 30,
	Journal = {Boulder Daily Camera},
	Month = jan,
	Pages = {1J, 2J},
	Title = {Firms Recruiting Overseas: High-tech companies increasingly unable to find enough {U.S.} workers},
	Year = {2000}}

@incollection{VandLang:1990,
	Address = {Blackwell},
	Author = {Frank {van de Pol} and R. Langeheine},
	Booktitle = {Sociological Methodology},
	Editor = {C. C. Clogg},
	Pages = {213--247},
	Publisher = {Oxford},
	Title = {Mixed {Markov} latent class models},
	Year = 1990}

@article{VandLeeu:1986,
	Author = {Frank {van de Pol} and J. {de Leeuw}},
	Journal = {Sociological Methods \& Research},
	Pages = {118--141},
	Title = {A latent {Markov} model to correct for measurement error},
	Volume = 15,
	Year = 1986}

@book{VenaRipl:2001,
	Address = {New York},
	Author = {William N. Venables and Brian D. Ripley},
	Edition = {3rd},
	Publisher = {Springer-Verlag},
	Title = {Modern Applied Statistics with {S-PLUS}},
	Year = {2001}}

@book{VerbMole:2000,
	Address = {New York},
	Author = {Geert Verbeke and Geert Molenberghs},
	Publisher = {Springer},
	Title = {Linear Mixed Models for Longitudinal Data},
	Year = 2000}

@incollection{VermHage:2004,
	Address = {Cambridge},
	Author = {Jeroen K. Vermunt and Jacques A. Hagenaars},
	Booktitle = {Methods in Human Growth Research},
	Editor = {R. C. Hauspie and N. Cameron and L. Molinari},
	Pages = {374--393},
	Publisher = {Cambridge University Press},
	Title = {Ordinal Longitudinal Data Anaysis},
	Year = 2004}

@inbook{Voigt:1995,
	Address = {Hillsdale, NJ},
	Author = {J\"{o}rg Voigt},
	Booktitle = {The Emergence of Mathematical Meaning: Interaction in Classroom Cultures},
	Chapter = {5},
	Publisher = {Lawrence ErlBaum Associates},
	Title = {Thematic Patterns of Interaction and Sociomathematical Norms},
	Year = 1995}

@article{WainBrow:2004,
	Author = {Howard Wainer and Lisa M. Brown},
	Journal = {The American Statistician},
	Pages = {117--123},
	Title = {Two Statistical Paradoxes in the Interpretation of Group Differences: Illustrated with Medical School Admission and Licensing Data},
	Volume = 58,
	Year = 2004}

@article{WainThis:1994,
	Author = {Wainer, H. and Thissen, D.},
	Journal = {Journal of Educational Measurement},
	Pages = {159--195},
	Title = {On Examinee Choice in Educational Testing},
	Volume = 64,
	Year = 1994}

@article{Wainer:1991,
	Author = {Howard Wainer},
	Journal = {Psychological Bulletin},
	Number = 1,
	Pages = {147--151},
	Title = {Adjusting for Differential Base Rates: Lord's Paradox Again},
	Volume = 109,
	Year = 1991}

@article{Wainer:2004,
	Author = {Howard Wainer},
	Journal = {Journal of Educational and Behavioral Statistics},
	Number = 1,
	Pages = {1--3},
	Title = {Introduction to a Special Issues of the {Journal of Educational and Behavioral Statistics}},
	Volume = 29,
	Year = 2004}

@article{WangWainThis:1995,
	Author = {Xiang-bo Wang and Howard Wainer and David Thissen},
	Journal = {Applied Measurement in Education},
	Number = 3,
	Pages = {211-225},
	Title = {On the Viability of Some Untestable Assumptions in Equating Exams That Allow Examinee Choice},
	Volume = 8,
	Year = 1995}

@article{Warner:1965,
	Author = {S. L. Warner},
	Journal = {Journal of the American Statistical Society},
	Pages = {63--69},
	Title = {Randomized Response: A Survey Technique for Eliminating Answer Bias},
	Volume = 60,
	Year = 1965}

@techreport{Ward:1980,
	Address = {Washington D. C.},
	Author = {Ward, J. G.},
	Institution = {Research Department of the American Federation of Teachers, AFL-CIO},
	Title = {Teachers and Testing: A Survey of Knowledge and Attitudes},
	Year = 1980}

@magazine{Weiss:1999,
	Author = {Kenneth R. Weiss},
	Day = {17},
	Journal = {Los Angeles Times},
	Month = mar,
	Pages = {5},
	Title = {Cal State Aims to Reduce Need for Remedial Classes},
	Year = {1999}}

@article{Welch:1956,
	Author = {Welch, B. L.},
	Journal = {Journal of the American Statistical Association},
	Pages = {132--148},
	Title = {On Linear Combinations of Several Variances},
	Volume = 51,
	Year = 1956}

@incollection{WellCran:1992,
	Address = {Newbury Park, CA},
	Author = {A. S. Wells and R. L. Crane},
	Booktitle = {The Choice Controversy},
	Editor = {P. W. Cookson},
	Pages = {65--82},
	Publisher = {The Corwin Press},
	Title = {Do Parents Choose School Quality or Status? A Sociological Theory of Free Market Education},
	Year = 1992}

@book{Wells:1993,
	Address = {New York},
	Author = {A. S. Wells},
	Publisher = {Hill and Wang},
	Title = {Time to Chose},
	Year = 1993}

@techreport{Wells:1998,
	Address = {Los Angeles},
	Author = {Amy Stewart Wells},
	Institution = {University of California, Los Angeles},
	Title = {Beyond the Rhetoric of Charter School Reform: A Study of Ten {California} Districts},
	Year = 1998}

@article{Wiggins:1989,
	Author = {Wiggins, G.},
	Journal = {Phi Delta Kappan},
	Pages = {703--713},
	Title = {A True Test: Toward More Authentic and Equitable Assessment},
	Volume = 70,
	Year = 1989}

@book{Wiggins:1973,
	Address = {San Francisco},
	Author = {Lee M. Wiggins},
	Publisher = {Jossey-Bass/Elsevier},
	Title = {Panel Analysis: Latent Probability Models for Attitude and Behavior Processes},
	Year = 1973}

@book{WillRago:1988,
	Address = {Boston, MA},
	Editor = {W. W. Willingham and M. Ragosta and R. E. Bennett and R. E. Braun and D. A. Rock and D. E. Powers},
	Publisher = {Allyn and Bacon},
	Title = {Testing Handicapped People},
	Year = 1988}

@misc{WinBUGS:1998,
	Author = {David Spiegelhalter and Andrew Thomas and Nicky Best},
	Title = {{WinBUGS}},
	Type = {A computer program for {B}ayesian estimation using {G}ibbs sampling, version 1.2},
	Year = 1999}

@manual{WinBUGSman:1999,
	Author = {David Spiegelhalter and Andrew Thomas and Nicky Best},
	Month = {May},
	Publisher = {MRC Biostatistics Unit},
	Title = {{WinBugs} Version 1.2 User Manual},
	Year = 1999}

@manual{PANMARK:1989,
	Address = {Voorburg},
	Author = {Frank {van de Pol} and Rolf Langeheine and W. {de Jong}},
	Publisher = {Netherlands Central Bureau of Statistics},
	Title = {{PANMARK}: User Manual: {PANel} Analysis Using {MARKov} Chains},
	Year = 1989}

@book{Witte:2001,
	Address = {Princeton, NJ},
	Author = {J. Witte},
	Publisher = {Princeton University Press},
	Title = {The Market Approach to Education: An Analaysis of America's First Voucher Program},
	Year = 2001}

@incollection{WolfRear:1996,
	Address = {Chicago},
	Author = {Palmer Wolf, Dennie and Reardon, Sean F.},
	Booktitle = {Performance-Based Student Assessment:Challenges and Possibilities},
	Editor = {Baron, J. B. and Palmer Wolf, D.},
	Publisher = {The University of Chicago Press},
	Title = {Access to Excellence Through New Forms of Student Assessment},
	Year = 1996}

@article{Wooldridge:1993,
	Author = {Adrian Wooldridge},
	Journal = {Current},
	Number = 351,
	Pages = {4--16},
	Title = {A Comparative View of Education: Effective School Reforms},
	Year = 1993}

@article{WrigHorn:1997,
	Author = {S. Paul Wright and Sandra P. Horn and William L. Sanders},
	Journal = {Journal of Personnel Evaluation in Education},
	Pages = {57--67},
	Title = {Teacher and Classroom Context Effects on Student Achievement: Implications for Teacher Evaluation},
	Volume = 11,
	Year = 1997}

@article{Yen:1985,
	Author = {Wendy M. Yen},
	Journal = {Psychometrika},
	Pages = {399-410},
	Title = {Increasing Item Complexity: A Possible Cause of Scale Shrinkage for Unidimensional Item Response Theory},
	Volume = 50,
	Year = 1985}

@article{Yen:1986,
	Author = {Wendy M. Yen},
	Journal = {Journal of Educational Measurement},
	Pages = {299--325},
	Title = {The choice of scale for educational measurement: An {IRT} perspective},
	Volume = 23,
	Year = 1986}

@article{Yen:1997,
	Author = {Wendy M. Yen},
	Journal = {Educational Measurement: Issues and Practice},
	Pages = {5--15},
	Title = {The Technical Quality of Performance Assessments: Standard Errors of Percents of Pupils Reaching Standards},
	Volume = 16,
	Year = 1997}

@article{Zollers:2000,
	Author = {N. Zollers},
	Journal = {Education Week},
	Number = 5,
	Pages = 46,
	Title = {Schools Need Rules When it Comes to Students With Disabilities},
	Volume = 19,
	Year = 2000}
