%% This BibTeX bibliography file was created using BibDesk.
%% http://bibdesk.sourceforge.net/

@Manual{SGPreports,
    title = {SGPreports: Reports rendered in multiple formats using a single function and R Markdown file.},
    author = {Adam R. {Van Iwaarden} and Damian W. Betebenner},
    year = {2015},
    note = {R package version 1.0},
    url = {http://github.com/CenterForAssessment/SGPreports},
 }

@Manual{sgp2014,
    title = {{SGP}: An R Package for the Calculation and Visualization of Student Growth Percentiles \& Percentile Growth Trajectories.},
    author = {Damian W. Betebenner and Adam {VanIwaarden} and Ben Domingue and Yi Shang},
    year = {2014},
    note = {R package version 1.3-0.0},
    url = {https://github.com/CenterForAssessment/SGP},
  }

@Manual{sgp2015,
    title = {{SGP}: An R Package for the Calculation and Visualization of Student Growth Percentiles \& Percentile Growth Trajectories.},
    author = {Damian W. Betebenner and Adam {VanIwaarden} and Ben Domingue and Yi Shang},
    year = {2015},
    note = {R package version 1.3-6.9},
    url = {https://github.com/CenterForAssessment/SGP},
  }

@manual{Rsoftware,
	Address = {Vienna, Austria},
	Author = {{R Development Core Team}},
	Organization = {R Foundation for Statistical Computing},
	Title = {{\textup{\textsf{R}}}: A language and environment for statistical computing},
	Url = {http://www.R-project.org},
	Year = {2015},
	Bdsk-Url-1 = {http://www.R-project.org}}

@article{DoeRoe:2015,
	Author = {Doe, John and Roe, James},
	Journal = {Journal of Generic Studies},
	Number = {3},
	Pages = {609--627},
	Publisher = {No Name Press},
	Title = {Why Water Is Wet:  A really long citation entry to provide an example of the hanging indent used in this document's citation div class.},
	Volume = {7},
	Year = {2015}}
