@article{Tukey,
  author = {Tukey, John W.},
  title =  {The Future of Data Analysis},
  journal = {Annals of Mathematical Statistics},
  year =  {1962},
  volume =    {33},
  number =    {1},
  pages =     {1--67},
  month =     {March}
  }


@article{steedle2008,
author={John T. Steedle},
title={Latent class analysis of diagnostic science assessment data using Bayesian networks},
year=2008,
journal={Journal of Applied Measurement},
volume=2,
number=4,
pages={389--423}
}

@book{CorcoranMosherRogat2009,
author = {Toedor Corcoran and Frank A. Mosher and Allen Rogat},
title = {Learning progressions in science: An  
evidencebased approach to reform },
publisher = { Addison-Wesley Pub. Co.},
year = { 2009 },
address={Reading, MA}
}

@article{Briggs2006,
author={D. C. Briggs and A. C. Alonzo and S. Schwab and M. Wilson},
year= {2006},
title={Diagnostic assessment with ordered multiple-choice items},
journal={Educational Assessment},
volume=11,
pages={33--63}
}

@article{AlonzoSteedle2009,
author={A. C. Alonzo and J. T. Steedle},
year=2009,
journal={Science Education},
volume=93,
number=3,
pages={389--421},
title={Developing and assessing a force and motion learning 
progression}
}

@article{Masters1982,
title = {A {Rasch} model for partial credit scoring},
journal = {Psychometrika},
volume = {47},
pages = {149 --174},
year = {1982},
author = {G. N. Masters}
}

@proceedings{GierlLeightonHunka2007,
author = "M.J Gierl and Y. Cui and S. Hunka", 	
title		= "Using connectionist models to evaluate examinees' response patterns on tests",
organization	= "National Council on Measurement in Education",
year		= "2007"
}

@incollection{vonDavier2008,
  author      = "M. von Davier", 
  title       = "The mixture general diagnostic model",
  editor      = "G.R. Hancock and K. M. Samuelson",
  booktitle   = "Advances in latent variable mixture models",
  publisher   = "Information Age Publishing",
  address     = "NC",
  year        = "2008"
}


@incollection{BriggsAlonzo2012,
  author      = "D. C. Briggs and A. C.  Alonzo", 
  title       = "The psychometric modeling of ordered multiple-choice 
item responses for diagnostic assessment with a learning progression",
  editor      = "A. C. Alonzo and A.Gotwals",
  booktitle   = "Learning progressions in science",
  publisher   = "Sense Publishers",
  pages = "345 --355",
  address     = "Rotterdam",
  year        = "2012"
}



@book{EmbretsonReise2000,
author={S. E. Embretson and S. Reise},
year=2000,
title={Item response theory for psychologists},
publisher={Erlbaum Publishers},
address={NJ:Mahwah}
}
